3400 5159
775 425 995 482 ..22-

823 597 1053 680 prehensurum
1090 598 1319 681 praesciissent.
1360 601 1443 666 idem
1504 582 1507 594 ’

825 721 864 786 Α.
880 720 920 785 Α.
938 727 1000 785 562
1010 728 1122 787 -590,

454 843 530 909 Met.
546 843 618 911 XV.
635 849 698 910 815
721 845 873 930 Iuppiter
895 846 1013 912 Vneri
1035 847 1125 913 uicit:

329 967 331 972 ’
725 1022 731 1036 .
756 1020 762 1034 .
786 1020 794 1034 .
818 1022 825 1035 .
853 971 960 1035 neeis
983 972 1079 1036 etiem
1101 995 1185 1037 nuno
1208 973 1320 1059 ignara
1333 975 1442 1041 futuri,

320 1091 481 1158 Vulcanus
505 1093 579 1159 Met.
595 1094 650 1160 lv.
668 1100 810 1179 173eqq.
834 1097 934 1161 nescit
957 1118 1039 1180 quae
1058 1097 1092 1161 in
1108 1099 1202 1163 domo
1218 1120 1276 1163 sue
1290 1085 1444 1184 gerantur

742 1225 775 1286 et
796 1241 878 1285 unus
894 1220 950 1287 Sol
972 1222 1002 1286 ei
1017 1220 1150 1304 Veneris
1172 1224 1259 1288 furto
1278 1231 1442 1292 monstrat.

319 1342 502 1426 Apollinem
524 1345 632 1427 ipsum.
650 1346 708 1429 qui
730 1346 826 1411 dese
849 1347 925 1413 Met
940 1346 964 1413 l.
981 1354 1045 1412 517
1066 1348 1205 1412 dixerat:

525 1521 532 1535 .
556 1520 564 1535 .
587 1522 594 1535 .
619 1523 625 1535 .
649 1492 706 1556 per
727 1493 778 1536 me
801 1474 887 1556 quod
909 1473 1032 1556 eritque
1053 1472 1178 1557 fuitque

525 1599 635 1680 estque
659 1601 756 1681 petet,

524 1720 600 1787 Met.
616 1721 640 1787 I.
656 1728 719 1792 491
745 1745 803 1789 oue
825 1726 955 1789 oracula
976 1725 1102 1791 fallunt.
1158 1730 1160 1734 ’

526 1845 601 1911 Met.
618 1846 657 1913 X.
675 1853 738 1912 178
763 1847 881 1933 Apollo
904 1849 1025 1914 discum
1053 1872 1118 1918 uon
1140 1851 1275 1931 iecisset,
1295 1850 1325 1916 si
1353 1873 1443 1935 prae·

757 1974 843 2040 seius
858 1973 973 2039 fuisset
987 1997 1022 2039 se
1042 1976 1103 2040 hoe
1119 1975 1334 2059 Hyacinthum
1350 1998 1442 2041 suum

760 2098 1007 2177 interfecturum,
1030 2100 1114 2164 idem

524 2221 599 2284 Met.
616 2218 639 2285 l.
657 2227 720 2285 548
732 2243 799 2305 sqq.
823 2222 982 2306 Daphnen
1005 2223 1067 2287 sibi
1088 2223 1170 2306 eripi
1193 2224 1277 2287 etin
1301 2224 1438 2289 lauream

730 2348 811 2411 verti
833 2347 942 2428 nescit,
966 2349 1061 2413 etiam

524 2469 599 2535 Met.
609 2468 650 2536 II.
662 2476 724 2538 598
739 2493 804 2537 non
819 2471 1005 2538 credidisset
1020 2495 1115 2539 oorvo
1131 2472 1273 2539 narranti
1285 2473 1441 2538 Coronida

610 2671 613 2674 ,
743 2619 815 2664 oum
829 2598 943 2664 iuvene
956 2598 1136 2665 EnemonIo
1151 2600 1306 2664 iacentem
1319 2599 1441 2664 vidisse.

317 2719 429 2790 Thetis
453 2720 557 2800 etiem,
581 2743 662 2806 quae
686 2723 759 2789 Met
774 2722 860 2788 XIII.
876 2730 940 2788 162
963 2725 1104 2807 praescia
1120 2724 1243 2787 venturi
1258 2723 1315 2786 leti
1331 2723 1441 2785 Aehil-

452 2846 492 2911 lis
517 2853 593 2926 erat,
616 2848 692 2912 Met.
708 2847 747 2913 Il.
767 2854 829 2911 156
858 2848 996 2911 fatorum
1019 2848 1132 2931 ignara
1155 2850 1202 2910 est
1225 2846 1350 2928 nepotis
1373 2850 1405 2909 et

452 2970 526 3035 Met.
544 2970 598 3040 XI.
616 2977 769 3035 257—65
792 2971 910 3034 iterum
940 2991 1004 3035 non
1031 2970 1168 3036 venisset
1193 2970 1227 3033 in
1255 2973 1382 3033 antrum
1414 2971 1441 3033 si

798 3094 929 3160 Peleurn
953 3096 982 3159 ei
1009 3100 1194 3179 pumturum
1223 3095 1284 3159 vim
1307 3093 1442 3178 provida

795 3222 914 3286 fuisset.
1049 3277 1052 3283 ,

407 3348 457 3411 De
480 3347 713 3413 immortalibus
736 3349 900 3430 praeterea
922 3346 997 3420 Met.
1013 3345 1036 3410 l.
1054 3350 1117 3409 246
1141 3344 1317 3429 legimus:-

533 3475 710 3535 esttamen
734 3469 864 3533 humani
887 3468 1011 3553 generis
1034 3468 1156 3533 iactura
1179 3467 1282 3532 dolori

533 3595 681 3662 omnibus
703 3599 737 3660 et
759 3617 842 3679 quae
864 3596 907 3659 sit
927 3599 1032 3659 terme
1054 3593 1243 3659 mortalibus
1265 3593 1361 3657 orbae

532 3723 637 3787 forma
658 3721 768 3787 future
790 3725 925 3806 rogent..
938 3720 1009 3803 quis
1032 3720 1075 3785 sit
1097 3720 1220 3785 laturus
1243 3718 1274 3782 in
1300 3739 1369 3782 aras
1455 3713 1458 3717 ’

530 3851 624 3913 ture?
645 3846 762 3911 ferisne
784 3849 879 3931 peret
898 3845 1096 3930 populandos
1118 3846 1242 3909 tradere
1264 3843 1387 3906 terres?

800 4120 961 4128 Μ
