3400 5159
749 407 971 490 „77

285 582 375 646 (lirae
399 580 473 645 Met.
490 579 576 645 XIV.
594 586 737 663 383sqq.
764 577 890 657 Picum,
917 577 1078 643 Ausoniae
1105 599 1227 662 regem,
1263 579 1295 642 in
1319 601 1410 644 avem

637 761 639 766 .
667 703 804 768 eiusdem
827 702 972 767 nominis.

592 836 654 893 412
667 850 735 912 sqq.
758 826 827 891 Pici
851 827 981 891 comites
1003 828 1037 891 in
1061 828 1184 893 diversa
1207 825 1355 893 animalia

221 1034 223 1039 Ι
286 955 374 1021 lan.
393 961 469 1020 269:
493 958 615 1019 vertere
638 958 674 1018 tu
696 956 824 1037 poteras
847 953 990 1017 homines
1013 953 1047 1017 in
1070 953 1157 1018 mille
1174 954 1302 1038 figuras.

216 1154 219 1160 ,
286 1080 356 1145 ΝΒ.
393 1080 465 1145 Huc
490 1080 640 1164 pertinet,
671 1079 806 1144 nisime
833 1078 942 1156 fallor,
974 1078 1048 1145 Met.
1064 1078 1149 1144 XIV.
1168 1086 1313 1164 358-9,
1346 1103 1408 1165 quo

393 1204 480 1269 Oirce
504 1204 642 1289 effigiem
665 1204 754 1268 nullo
779 1225 851 1268 cum
875 1225 1006 1287 corpore
1028 1203 1102 1269 falsi
1126 1205 1214 1289 capri
1236 1205 1335 1289 fingit.

283 1329 456 1403 Psamathe
474 1330 623 1414 nympha,
647 1329 743 1394 Nerei
763 1329 838 1407 filia,
862 1329 936 1393 Met.
953 1327 1007 1394 XI.
1025 1337 1086 1395 401
1099 1352 1167 1414 sqq.
1191 1330 1302 1414 lupum
1325 1354 1407 1395 mar·

391 1478 479 1520 more
502 1460 612 1520 mutat.

284 1581 394 1645 Musae
418 1580 492 1644 Met.
509 1580 547 1645 V.
566 1586 628 1643 665
654 1601 767 1642 novem
790 1578 873 1641 filias
896 1577 982 1661 regis
1006 1577 1090 1641 Pieri
1114 1579 1242 1662 eiusque
1263 1580 1407 1664 coniugis

652 1701 794 1785 Euippes
817 1702 850 1765 in
874 1702 969 1785 picas.

183 1810 185 1814 ¹
285 1827 421 1892 Ladonis
445 1827 582 1911 liquidae
605 1848 727 1891 sorores
747 1827 822 1891 Met.
833 1827 857 1892 I.
870 1832 932 1891 703
940 1848 1007 1911 sqq.
1032 1826 1200 1911 Syringem
1215 1827 1247 1891 in
1264 1828 1406 1910 plantam

271 1946 274 1950 ’
391 1952 529 2016 eiusdem
552 1952 696 2016 nominis.

284 2076 453 2161 Neptunus
476 2077 550 2143 Met.
568 2076 652 2142 VIII.
671 2083 733 2143 609
745 2099 813 2161 sqq.
845 2076 1065 2160 Hippodamae
1093 2077 1192 2142 filiam
1214 2077 1248 2141 in
1266 2068 1406 2143 insulam

745 2201 941 2265 Perimelam.

475 2327 550 2391 Met.
567 2326 636 2392 XII.
656 2333 785 2390 143-5
810 2327 912 2391 filium
940 2349 1032 2389 suum
1061 2325 1206 2410 Cygnum
1238 2328 1271 2390 in
1299 2328 1406 2391 albam

680 2416 684 2423 ι
808 2450 968 2512 volucrem
993 2449 1132 2512 eiusdem
1152 2450 1297 2515 neminie.

241 2563 246 2571 ’
283 2572 457 2636 Mercurius
480 2571 554 2637 Met.
570 2571 610 2637 ΙΙ.
629 2579 690 2637 705
703 2594 771 2655 sqq.
794 2571 926 2636 Battum
949 2594 1056 2636 senem
1078 2573 1113 2636 in
1135 2573 1265 2637 silicem.

627 2705 690 2764 820
702 2721 769 2782 sqq.
786 2656 934 2782 Cecropis
949 2697 1050 2761 filiam
1059 2697 1225 2782 Aglauron
1235 2699 1268 2762 in
1277 2699 1404 2784 nigrum

657 2827 660 2834 “
698 2845 818 2888 saxum.

283 2946 339 3012 Sol
362 2948 437 3013 Met.
453 2946 507 3013 IV.
525 2953 586 3012 251
600 2970 668 3032 sqq.
691 2948 901 3013 Leucotheam
924 2949 958 3012 in
981 2952 1103 3013 tuream
1126 2948 1257 3032 virgam.

282 3070 376 3135 Liber
399 3072 473 3136 Met.
489 3071 545 3138 ΙΙΙ.
563 3079 624 3137 671
638 3095 706 3156 sqq.
734 3078 848 3137 nautas
872 3073 1031 3137 Maeonias
1055 3072 1195 3137 Acoetae
1219 3073 1348 3138 comites
1371 3073 1403 3136 in

638 3201 780 3262 monstra
802 3197 951 3261 maritina
974 3198 1069 3262 vertit

396 3325 471 3387 Met.
487 3321 542 3387 IV.
561 3329 705 3406 402sqq.
732 3328 796 3388 tres
819 3322 948 3406 Minyae
971 3322 1053 3386 filias
1076 3321 1110 3385 in
1134 3321 1277 3386 volueras

559 3453 620 3511 391
634 3470 703 3531 sqq.
730 3445 849 3512 Bacchi
876 3446 1018 3529 potentia
1045 3446 1127 3510 telae
1154 3447 1307 3510 virescere
1336 3469 1404 3512 coe·

631 3576 746 3652 parunt
771 3575 803 3635 et
825 3573 921 3635 vestis
944 3570 1154 3649 frondescere,
1182 3593 1255 3654 pars
1279 3572 1346 3637 abit
1368 3572 1402 3635 in

631 3696 712 3759 viles
744 3718 817 3780 pars
848 3696 882 3760 in
913 3696 1078 3780 palmitem
1111 3702 1142 3759 et
1169 3697 1337 3779 pampinus
1365 3698 1403 3761 de

633 3819 766 3883 stamine
790 3821 863 3885 exit.

394 3942 470 4008 Met.
487 3939 540 4007 III.
559 3948 690 4008 toa—5
714 3944 847 4008 hederae
879 3944 1053 4028 impediunt
1085 3966 1187 4008 remos
1220 3949 1252 4008 et
1279 3945 1403 4028 gravidi

711 4069 852 4152 corymbi
875 4069 907 4132 in
931 4070 1010 4134 velis
1033 4070 1178 4154 pendent.

394 4193 470 4259 Met.
486 4192 572 4260 XIII.
592 4200 654 4258 669
666 4216 733 4278 sqq.
757 4192 832 4258 Anii
860 4193 946 4277 regis
977 4193 1059 4257 filias
1091 4194 1124 4256 in
1161 4193 1268 4256 niveas
1306 4194 1401 4258 vertit

536 4392 539 4398 ,
665 4319 836 4385 columbas.

280 4440 400 4525 Apollo
424 4442 499 4507 Met.
515 4443 585 4509 VII.
603 4450 732 4509 aas-9
758 4444 915 4527 Cephison
937 4442 970 4506 in
993 4442 1146 4507 tumidam
1170 4441 1292 4526 phocen
