3400 5159
778 415 909 472 ...12
956 447 999 454 .-

487 586 548 651 Illa
571 586 698 669 quidem
721 585 850 662 mollet,
874 586 927 650 sed
950 590 982 649 te
1007 605 1141 668 quoque,
1164 587 1300 651 maxime
1322 587 1449 672 Python

487 715 556 775 tum
579 695 697 794 genuit.
746 799 752 811 α
1125 771 1127 776 .

434 835 509 900 Met.
525 834 611 900 XIII.
629 806 758 898 sas-a
783 833 879 898 tellus
895 813 1001 899 Aiacis
1022 834 1174 920 sanguine
1190 836 1353 900 rubefacta
1374 858 1449 918 pur-

745 1041 747 1047 1
784 960 918 1041 pureum
941 928 1147 1041 hyacinthum
1171 961 1208 1024 de
1225 961 1316 1025 viridi
1337 961 1449 1045 genuit

785 1084 910 1167 cespite.

416 1207 453 1272 ln
475 1207 586 1271 fabula
606 1229 733 1291 quoque
749 1208 786 1271 de
801 1207 970 1290 lapidibus
994 1229 1073 1291 quos
1089 1208 1264 1272 Deucalion
1280 1214 1312 1274 et
1327 1209 1450 1294 Pyrrha
1487 1223 1494 1244 “

329 1354 387 1396 sua
420 1337 493 1415 post
524 1332 659 1416 vestigia
690 1332 830 1409 mittunt,
862 1333 958 1416 vulgo
998 1332 1092 1395 tellus
1128 1353 1244 1396 numen
1279 1301 1451 1396 lecundans

327 1458 471 1537 habetur,
495 1458 548 1521 sed
573 1458 649 1523 Met.
663 1458 687 1523 Ι.
704 1464 835 1522 250-2
860 1458 1009 1542 legimns:

435 1582 527 1672 Talia
550 1585 745 1665 quaerentes,
769 1583 830 1647 sibi
854 1582 938 1646 enim
961 1582 1028 1646 fore
1053 1587 1156 1647 cetera
1179 1604 1272 1646 curae

415 1727 491 1769 ’rex
514 1729 662 1790 superum
684 1707 843 1789 trepidare
866 1711 962 1786 vetat,
984 1707 1192 1791 subolemque
1215 1705 1315 1789 priori

436 1829 620 1894 dissimilem
643 1830 763 1914 populo
786 1830 946 1913 promittit
969 1831 1091 1914 origina
1114 1832 1202 1896 mira.

419 1954 489 2047 Quo
505 1977 544 2018 ex
559 1956 628 2019 loco
644 1955 751 2019 Iovem
767 1978 842 2021 esse.
850 1961 1011 2021 auctorem
1027 1956 1233 2041 intellegItur‚
1258 1978 1450 2039 quamquam

329 2084 391 2142 411
419 2100 605 2162 superorum
628 2079 756 2143 numine
779 2080 932 2162 scriptum
956 2084 1014 2162 est,
1038 2103 1119 2163 quae
1143 2081 1238 2143 verba
1260 2102 1372 2162 parum
1398 2081 1450 2162 de·

311 2195 417 2266 'finita
441 2207 473 2266 et
495 2203 579 2267 iusto
602 2202 708 2266 latiusv
722 2203 864 2284 patentia
886 2203 1086 2286 percipienda
1102 2208 1190 2279 sunt;
1213 2203 1298 2285 quod
1316 2208 1446 2266 aec—2

328 2328 559 2392 dubitationem
591 2323 712 2392 nullam
745 2327 878 2408 habent,
911 2328 988 2410 quin
1011 2327 1159 2411 JuppIter
1192 2327 1321 2391 effector
1349 2327 1391 2390 sit
1419 2331 1450 2390 et

330 2474 444 2536 parens
468 2454 632 2518 hominum
657 2475 674 2516 e
690 2453 849 2535 lapidibus
866 2453 1073 2537 gignentium.
1103 2452 1227 2517 Eodem
1243 2453 1338 2516 modo
1354 2451 1451 2515 inter-

328 2577 474 2661 pretandi
497 2582 571 2642 sunt
593 2577 669 2642 Met.
684 2576 740 2641 ΙΙΙ.
759 2583 819 2641 101
833 2599 917 2662 sqq,
950 2599 1013 2661 quo
1041 2577 1177 2642 Cadmus
1200 2576 1340 2642 Palladis
1363 2577 1450 2640 iussu

274 2680 276 2687 Ι
325 2702 472 2785 vipereos
496 2702 605 2766 dentes
629 2706 733 2766 motae
750 2703 900 2785 supponit
915 2707 1018 2766 terrae
1034 2725 1072 2766 ex
1089 2725 1151 2785 qua
1167 2703 1281 2765 armati
1298 2686 1454 2764 exsistunt

328 2826 389 2889 viri
413 2830 444 2888 et
467 2825 542 2890 Met.
559 2824 630 2889 VII.
649 2831 710 2889 121
724 2847 791 2908 sqq.
815 2825 872 2889 ubi
893 2825 994 2888 deson
1017 2825 1161 2907 vipereos
1190 2825 1298 2886 dentes
1327 2821 1451 2905 spargit

327 2949 361 3012 in
384 2952 489 3012 aratos
513 2970 615 3032 agros,
639 2949 755 3031 quibus
772 2970 810 3011 ex
826 2949 998 3013 seminibus
1022 2949 1102 3012 fiunt
1123 2948 1274 3026 homines,
1297 2946 1353 3031 qui
1368 2948 1451 3010 inter

328 3096 362 3137 se
390 3076 569 3157 pugnantes
603 3074 642 3137 ad
675 3095 774 3137 unum
808 3095 917 3137 omnes
950 3078 1092 3156 pereunt.
1143 3073 1218 3138 Met.
1233 3072 1289 3138 III.
1307 3078 1368 3137 101
1385 3093 1453 3155 sqq.

331 3197 473 3261 animum
494 3196 627 3261 inclinat
650 3202 686 3261 ut
702 3199 828 3262 credam
843 3197 1016 3276 Palladem,
1040 3199 1129 3262 cuius
1148 3198 1235 3261 iussu
1250 3197 1349 3261 lason
1365 3197 1451 3277 vipe-

329 3344 403 3386 reos
427 3322 535 3385 dentes
558 3321 700 3398 seruerit,
724 3324 884 3386 auctorem
903 3321 999 3385 fuisse
1014 3321 1253 3405 terrigenarum.
1290 3320 1365 3383 Met.
1379 3316 1454 3397 VII.

332 3452 393 3509 121
406 3468 474 3530 sqq.
495 3467 553 3527 pro
571 3452 656 3510 certo
673 3445 755 3509 nihil
771 3445 891 3509 dictum
907 3449 963 3523 est,
986 3449 1020 3508 at
1036 3445 1064 3509 si
1079 3445 1273 3527 reliquorum
1289 3443 1454 3527 analogias

329 3572 472 3635 locorum
495 3571 658 3656 sequimur
679 3577 711 3635 et
734 3593 771 3636 eo
794 3570 867 3636 loco
892 3571 997 3655 superi
1020 3571 1086 3634 sive
1109 3593 1218 3636 eorum
1233 3594 1289 3635 rex
1304 3570 1325 3635 J
1329 3570 1454 3654 uppiter

331 3700 442 3760 auctor
465 3698 525 3774 est,
554 3695 740 3779 praesertim
763 3716 834 3759 cum
862 3694 951 3758 nulla
975 3695 1151 3759 contrariae
1174 3696 1347 3772 sententiae
1370 3693 1453 3757 ratio

330 3820 380 3886 sit.
407 3819 506 3919 ⁸Idem
530 3820 590 3884 dici
613 3824 720 3902 potest
743 3821 781 3884 de
805 3820 880 3886 Met.
896 3819 981 3886 XIV.
1000 3827 1073 3899 574,
1097 3843 1159 3904 quo
1184 3843 1222 3885 ex
1246 3821 1348 3882 cinere
1363 3815 1450 3879 urbis

331 3947 452 4011 deletae
476 3946 600 4009 Ardeae
628 3946 777 4009 subvolat
805 3945 946 4009 volucris
972 3946 1113 4011 eiusdem
1135 3943 1285 4017 nominis,
1317 3941 1343 4003 si
1368 3960 1452 4002 com·

331 4092 477 4155 paramus
500 4069 578 4135 Met.
594 4069 680 4133 XIII.
699 4076 762 4134 600
773 4092 856 4154 sqq,
885 4093 948 4153 quo
977 4071 1049 4134 loco
1073 4042 1197 4131 Aurora
1220 4089 1239 4129 a
1258 4064 1341 4129 >Jove
1364 4063 1453 4147 petit,

331 4201 366 4261 ut
382 4195 545 4260 Memnoni
563 4196 630 4260 fflio
646 4195 784 4280 aliquem
799 4197 952 4261 honorem
967 4194 1078 4258 mortis
1094 4190 1219 4283 solacia.
1228 4192 1288 4255 det.
1304 4190 1454 4274 Juppiter

332 4325 487 4385 annuerat
511 4325 603 4386 etex
619 4321 797 4386 Memnonis
822 4321 925 4385 cinere
948 4318 1087 4382 existunt
1102 4316 1254 4396 volucres,
1278 4315 1454 4381 Memnoni·
1562 4309 1564 4312 ’

333 4444 388 4507 des
416 4445 532 4524 dictae,
560 4467 641 4529 quae
674 4445 843 4530 quotannis
876 4443 937 4518 die,
967 4462 1031 4524 quo
1054 4441 1199 4505 Aurorae
1222 4441 1306 4505 filius
1329 4463 1367 4504 ex
1390 4439 1455 4501 vita
