3400 5159
691 416 912 476 ...19-

242 611 406 656 numerum
429 590 576 684 deferret
605 589 689 654 Vide
711 590 808 654 etiem
830 589 907 655 Met.
922 565 1009 658 VIII.
1026 598 1100 670 594,
1122 591 1180 657 ubi
1199 559 1363 658 'Achelous

241 714 426 799 Neptunum
452 714 617 798 implorat,
643 719 681 779 ut
708 715 842 780 amicam
870 715 1049 781 Perimelen
1076 716 1201 782 insulae
1226 716 1368 805 formem,

241 840 294 905 det
317 844 350 905 et
371 839 446 905 Met
461 838 549 905 XIV.
566 845 644 919 585,
668 862 732 923 quo
754 840 825 905 loco
848 839 956 905 Venus
978 840 1089 906 multis
1113 845 1145 906 et
1168 841 1362 926 supplicibus

241 963 346 1029 verbis
367 964 482 1029 Iovem
505 968 577 1029 oret
594 969 631 1029 ut
646 965 797 1043 Aeneam,
819 966 875 1049 qui
899 988 970 1030 eum
993 988 1088 1031 ovum
1110 966 1229 1045 fecerit,
1252 988 1362 1050 quam·

239 1090 290 1153 vis
311 1111 456 1173 pervum,
484 1090 537 1154 det
564 1111 682 1154 numen
708 1093 739 1155 et
766 1090 841 1155 Met.
857 1090 943 1156 XIV.
968 1098 1032 1156 806
1059 1092 1116 1156 ubi
1139 1092 1225 1157 Mers
1248 1090 1362 1157 Jovern

240 1214 400 1292 hortatur,
425 1208 464 1279 ut
487 1216 628 1298 praemio
655 1216 812 1299 promissa
835 1217 939 1281 solvat
963 1223 994 1281 et
1017 1217 1159 1283 oblatum
1181 1218 1274 1282 terris
1296 1216 1362 1281 Ro-

241 1339 361 1402 mulum
397 1340 541 1423 imponet
572 1340 660 1405 coelo
693 1345 725 1405 et
756 1340 831 1408 Met.
850 1341 937 1407 XIII.
961 1348 1022 1406 587
1040 1364 1108 1426 sqq.
1141 1364 1205 1426 quo
1237 1342 1363 1407 Aurora

238 1463 352 1528 Jovem
378 1463 530 1548 implorat
562 1470 596 1530 ut
623 1465 692 1530 filio
719 1466 883 1530 Memnoni
910 1467 1064 1550 aliquem,
1096 1467 1215 1532 solacio
1242 1468 1362 1545 mortis,

239 1589 392 1652 honorem
409 1590 469 1653 det.
500 1588 574 1653 Huc
589 1589 725 1654 forsitan
740 1591 837 1654 refert
853 1590 929 1656 Met.
939 1590 1009 1655 XV.
1022 1597 1170 1675 533sqq,
1189 1591 1242 1656 ubi
1257 1591 1362 1657 Diana

239 1712 416 1795 Hyppoh'to
439 1713 711 1779 immortalitatem
735 1715 790 1779 dat
804 1737 983 1800 nomenque
998 1715 1158 1795 Vibrium,
1180 1717 1236 1800 qui
1250 1739 1361 1780 nemus

240 1837 317 1902 colit
339 1840 371 1901 et
393 1859 474 1901 unus
498 1838 536 1901 de
559 1838 619 1902 diis
642 1839 818 1904 minoribus
840 1840 900 1904 sub
924 1840 1053 1905 numine
1077 1841 1222 1905 domiuse
1244 1842 1332 1907 latet

329 1962 450 2039 Quibus
473 1984 511 2027 ex
533 1962 614 2027 locis
636 1964 780 2049 intellegi
799 1966 924 2029 videtur
946 1987 1040 2048 posse
1056 1966 1121 2030 dcis
1139 1965 1309 2031 maioribus
1324 1969 1362 2029 ut

238 2086 399 2170 Neptuno,
414 2090 483 2174 regi
499 2092 640 2155 omnium
655 2091 828 2171 numinum,
845 2113 926 2174 quoe
942 2113 1042 2175 oquae
1058 2095 1167 2156 teuent
1182 2096 1215 2156 et
1229 2091 1361 2170 Dionae,

238 2218 374 2299 quaein
397 2219 486 2285 silvis
510 2225 541 2285 et
563 2198 745 2284 nemoribus
767 2219 912 2303 imperat,
933 2218 1017 2282 inest
1039 2222 1181 2302 potestas
1200 2216 1235 2281 in
1249 2239 1359 2281 nume-

237 2365 309 2407 rum
332 2345 461 2409 deorum
488 2346 644 2411 referendi
671 2346 727 2428 qui
754 2367 863 2410 eorum
891 2344 1007 2408 dicioni
1030 2343 1164 2408 subiecti
1187 2347 1269 2406 suut.
1315 2343 1360 2406 At

239 2471 361 2546 contra,
389 2470 474 2550 quod
497 2468 668 2552 Neptunus
697 2470 790 2533 deum
813 2469 937 2545 fecerit,
965 2468 1021 2550 qui
1044 2472 1156 2550 postea
1178 2488 1288 2531 nemus
1311 2468 1359 2530 in·

238 2590 371 2654 coluerit
407 2596 463 2654 aut
499 2591 602 2655 Diana
634 2592 667 2655 in
700 2612 772 2655 suas
803 2591 964 2663 retulerit,
1001 2593 1082 2674 quoe
1114 2595 1227 2672 postea
1258 2592 1359 2656 undas

237 2715 404 2792 tenuerint,
427 2715 534 2778 nullus
558 2719 662 2779 exstet
684 2715 773 2779 locus
791 2715 824 2779 in
841 2713 946 2780 Ovidii
962 2714 1111 2797 operibus
1127 2736 1191 2799 quo
1207 2716 1360 2797 scriptum

235 2837 370 2902 similius
393 2842 448 2903 est.

325 2962 399 3027 Non
421 2962 586 3047 indignum
606 2963 701 3027 etiam
724 2963 848 3027 videtur
871 2964 1120 3028 animadvertere
1144 2964 1183 3028 ed
1198 2964 1358 3047 Apollinis

162 3110 165 3114 ·
236 3090 425 3169 potestatem
457 3087 511 3170 qui
539 3088 614 3152 Met.
629 3087 670 3151 Π.
687 3094 840 3152 628—30
864 3093 956 3153 utero
985 3088 1117 3153 Coronis
1140 3089 1241 3154 fetum
1265 3090 1359 3173 eripit

134 3246 138 3252 ·
236 3233 371 3295 eumque
393 3211 426 3275 in
450 3215 576 3276 antrum
591 3213 708 3296 gemini
724 3212 870 3277 Chironis
886 3214 1082 3278 educandum
1097 3214 1168 3277 fert.
1204 3213 1264 3278 His
1280 3215 1358 3279 locis

235 3337 313 3401 adde
335 3336 411 3404 Met.
428 3336 514 3403 Vffl.
533 3344 594 3402 179
620 3339 658 3403 A.
675 3338 714 3403 A.
730 3338 754 3403 Ι.
772 3345 835 3403 557
860 3338 895 3403 F.
911 3337 968 3404 III.
987 3344 1051 3403 510
1080 3360 1143 3423 quo
1168 3338 1262 3403 hiber
1285 3339 1358 3402 Ari-

236 3463 331 3525 adnes
354 3483 501 3526 coronam
530 3463 618 3527 ceelo
645 3462 790 3543 immisit,
818 3462 1016 3528 F.111.4142
1038 3464 1122 3550 idem
1146 3463 1357 3546 Ampelonem

234 3586 268 3649 in
291 3590 376 3650 astra
398 3588 486 3651 vehit
509 3592 541 3651 et
563 3587 598 3652 F.
615 3587 653 3653 V.
671 3596 733 3652 543
757 3577 886 3653 hotone.
895 3588 1046 3653 Orionem
1070 3589 1247 3653 nitentibus
1263 3589 1356 3652 astris

234 3711 330 3776 addit.

323 3838 342 3919 ξ
368 3842 418 3903 11.
463 3837 694 3901 Immortalium
723 3838 770 3901 vis
803 3861 985 3923 quanquam
1017 3861 1192 3924 permagna
1224 3843 1256 3903 et
1288 3860 1353 3902 am·
1373 3852 1391 3922 fi
1410 3853 1443 3906 11

233 3962 375 4044 piissime
390 3962 522 4041 videtur,
538 3968 645 4027 tamen
660 3962 770 4027 multis
785 3963 865 4028 locis
881 3965 1065 4030 circumcisa
1082 3970 1113 4030 et
1129 3963 1356 4048 augustissime

235 4091 289 4153 est.
320 4087 472 4170 Exemplo
487 4085 671 4153 'efferemus
702 4087 777 4153 Met.
794 4088 832 4155 ll.
851 4096 993 4174 615sqq.
1018 4089 1136 4174 Apollo
1160 4089 1355 4153 carissimum

234 4232 326 4275 suum
341 4211 566 4296 Hyacinthum,
590 4199 683 4298 quem
698 4215 823 4280 incaute
839 4215 1007 4293 interfecit,
1030 4237 1154 4280 servare
1170 4234 1233 4276 non
1249 4216 1355 4295 potest

234 4341 265 4401 et
293 4358 385 4402 omne
418 4339 503 4422 quod
536 4339 603 4404 eius
631 4361 725 4404 causa
752 4339 856 4405 fecere
884 4343 1002 4422 potest,
1035 4345 1083 4403 est
1109 4339 1194 4422 quod
1222 4358 1293 4402 eum
1308 4335 1354 4400 'iu

231 4465 341 4529 florem
365 4465 468 4531 vertit.
513 4466 587 4530 Met.
604 4464 626 4531 I.
645 4472 787 4550 548sqq.
816 4487 880 4551 quo
904 4465 1053 4548 Daphne,
1082 4463 1170 4528 cuius
1199 4462 1352 4527 desiderio

1213 4569 1246 4622 2*
