3400 5159
740 396 962 456 ..49-

292 568 473 653 saepissime
496 568 580 632 enim
602 566 762 633 scribitur:
780 566 840 636 sed
863 567 956 652 plura
975 564 1079 632 dicero
1094 566 1165 632 fata
1176 590 1242 633 non
1256 568 1411 633 sinebant.

291 693 350 760 His
383 694 461 758 adde
489 693 563 758 Met.
579 692 619 756 ΙΙ.
637 699 717 771 249,
748 715 810 778 quo
834 691 903 758 Soli
926 693 981 777 qui
1008 692 1219 757 Leucotheam
1250 694 1284 757 in
1310 694 1414 759 vitam

289 841 437 884 revocare
468 819 596 883 volebat
626 818 729 883 iatum
761 818 876 883 obstat
903 817 979 882 Met
994 817 1033 882 V.
1051 824 1115 882 534
1143 816 1366 901 Proserpinam
1390 842 1411 884 a
1531 799 1533 802 V

291 943 403 1009 Cerere
426 966 465 1008 ex
487 948 607 1008 tartaro
631 943 721 1008 educi
743 942 811 1007 fata
833 941 984 1007 vetabant
1003 940 1410 1009 Met.VlH.786.Gererem

291 1074 323 1134 et
346 1068 476 1134 Famem
499 1068 582 1134 coire
604 1067 672 1135 fato
693 1089 757 1132 non
780 1067 896 1133 sinunt
934 1067 1102 1132 Praeterea
1124 1067 1159 1132 hi
1180 1068 1242 1133 loci
1265 1072 1340 1133 sunt
1354 1069 1410 1153 qui

289 1193 366 1258 deos
389 1193 457 1257 fato
480 1192 639 1258 subiectos
662 1213 730 1257 esse
753 1192 943 1257 confirmant
965 1197 1060 1276 atque
1083 1192 1303 1275 comprobant:
1382 1245 1384 1248 ,

397 1318 472 1384 Met.
482 1317 551 1383 XV.
564 1324 640 1383 799:
656 1317 731 1385 Non
746 1323 854 1382 tamen
869 1316 999 1381 insidias
1007 1320 1201 1401 venturaque
1210 1317 1335 1381 vincere
1343 1317 1412 1381 fata

657 1443 935 1525 praemonitusque
957 1446 1089 1525 potuere
1112 1442 1213 1507 deum.

398 1568 472 1632 Met.
488 1567 575 1631 XIII.
592 1573 655 1630 572
685 1565 873 1649 Quanquam
901 1588 1009 1630 omnes
1038 1566 1088 1630 dei
1114 1566 1265 1631 Hecubae
1292 1570 1409 1630 sortem

686 1697 869 1775 queruntur,
891 1696 997 1756 tamen
1021 1712 1113 1755 nemo
1138 1712 1208 1754 eam
1230 1712 1297 1754 rem
1314 1690 1349 1754 in
1363 1691 1411 1754 in·

683 1820 811 1900 tegrum
832 1816 998 1881 restituere
1021 1815 1134 1899 potuit.

398 1943 473 2009 Met.
489 1939 559 2008 XV.
578 1948 640 2007 763
651 1965 720 2026 sqq.
743 1941 855 2007 Venus
877 1946 1016 2020 cunctos,
1038 1945 1075 2006 ut
1098 1939 1211 2023 cuique
1227 1944 1295 2004 erat
1308 1940 1411 2017 obvia,

652 2068 726 2132 deos
750 2071 821 2132 oret
842 2071 938 2151 atque
957 2067 1103 2131 obsecrat
1118 2071 1155 2131 ut
1170 2066 1295 2130 Aeneae
1309 2064 1411 2129 fatum

651 2193 814 2258 retardent
835 2198 868 2257 et

578 2325 639 2382 807
665 2317 813 2401 Juppiter
837 2318 877 2381 ad
900 2317 968 2381 eins
990 2311 1098 2399 preces
1121 2316 1284 2399 respondit
1394 2288 1396 2291 Α

666 2491 673 2505 .
698 2494 704 2505 .
729 2493 736 2506 .
759 2490 767 2505 .
790 2442 860 2504 sola
881 2439 1095 2523 insuperabile
1117 2440 1220 2503 fatum

665 2571 741 2631 nata
764 2587 891 2629 movere
912 2568 1028 2650 paras?

381 2690 464 2756 Vide
491 2692 587 2757 etiam
612 2712 719 2756 omnes
743 2691 843 2769 locos,
866 2711 946 2773 quos
969 2711 1065 2773 snpra
1088 2688 1411 2765 commemoravimus,

176 2884 179 2890 ,
291 2816 406 2900 quibus
431 2817 480 2881 dei
504 2818 642 2902 deaeque
665 2820 800 2880 mortem
824 2814 1058 2880 canssimorum
1082 2835 1212 2878 suorum
1238 2834 1343 2897 neque
1362 2834 1411 2877 re·

290 2942 416 3006 tardare
452 2963 554 3025 neque
591 2942 758 3025 prohibere
790 2942 931 3023 possunt.
991 2937 1114 3015 Quibus
1150 2938 1229 3003 adde
1260 2937 1335 3003 Met.
1356 2935 1411 3001 IX.

293 3071 356 3128 420
368 3085 436 3147 sqq.
460 3085 522 3147 qno
546 3065 596 3127 dei
615 3071 790 3147 queruntur
805 3087 869 3129 non
885 3064 1033 3128 omnibus
1048 3064 1115 3128 fato
1131 3042 1320 3147 permissum
1335 3083 1410 3142 esse,

291 3194 327 3252 ut
351 3187 464 3251 amatis
487 3187 552 3251 suis
575 3185 772 3251 iuventutern
795 3187 869 3252 dare
891 3189 1024 3269 possint.

381 3313 399 3397 ,ὅ
424 3320 474 3379 29.
519 3311 595 3377 lovi
622 3317 728 3378 antem
751 3335 832 3396 quae
855 3313 937 3377 ratio
961 3317 1057 3396 atque
1079 3334 1155 3376 usus
1178 3334 1249 3376 cnm
1272 3312 1340 3376 fato
1363 3312 1410 3375 in·
1429 3327 1446 3393 ξ
1464 3325 1501 3378 29

290 3438 440 3502 tercedit?

398 3560 473 3624 Met.
489 3559 512 3627 Ι.
530 3568 591 3626 351
617 3563 791 3629 Deucalion
815 3564 907 3628 uxori
930 3586 1005 3628 snae
1027 3561 1182 3646 Pyrrhae:

618 3686 700 3764 Quid
722 3689 791 3767 tibi,
814 3690 841 3752 si
864 3689 931 3753 sine
954 3710 1005 3751 me
1028 3687 1103 3752 fatis
1126 3692 1235 3771 erepta
1257 3688 1378 3766 fuisses,

611 3834 695 3876 nunc
715 3813 823 3892 animi,
845 3813 1031 3888 miseranda,
1054 3812 1159 3877 foret?

292 3942 323 4002 et
352 3943 414 4002 366
444 3936 542 4001 addit:
575 3936 621 4000 sic
652 3936 756 4001 visum
783 3938 916 4022 superis,
949 3959 1012 4021 quo
1040 3936 1215 4001 Deucalion
1244 3958 1263 3999 a
1289 3936 1410 4018 superis

292 4063 352 4127 sibi
379 4063 446 4130 fata
474 4062 631 4128 destinata
659 4085 726 4127 esse
753 4063 904 4128 concedit.
949 4062 1127 4127 Deucalion
1155 4061 1282 4146 quidem
1308 4060 1409 4125 nescit

292 4187 343 4250 cui
365 4209 551 4272 superorum
574 4189 765 4253 incolumem
787 4210 820 4253 se
844 4193 876 4253 et
898 4190 1021 4253 salvum
1044 4210 1111 4253 esse
1135 4188 1248 4252 debeat
1270 4187 1324 4252 sed
1344 4191 1409 4250 250

292 4312 446 4395 scriptum
472 4336 535 4378 nos
553 4315 694 4380 videmus
718 4313 829 4379 Jovem
857 4314 923 4379 deis
955 4312 1224 4398 interrogantibus
1255 4311 1409 4397 populum

213 4503 215 4508 ⁴
291 4436 476 4523 promittere
506 4439 587 4502 mira
618 4439 748 4524 origine.
797 4437 909 4523 Itaque
932 4460 997 4502 non
1024 4437 1145 4521 superis
1170 4443 1248 4515 366,
1274 4436 1329 4501 sed
1356 4436 1410 4500 uni

344 4538 513 4605 Fabricius,
527 4552 563 4593 De
577 4552 622 4593 diis
635 4553 684 4594 fato
697 4554 809 4602 Joveqne.
1268 4543 1286 4594 4
