3400 5159
707 465 931 525 ...15-

258 644 360 709 Diana
383 643 456 709 Met.
472 642 511 707 V.
530 646 659 706 cao—1
685 637 775 703 inicit
797 658 892 721 super
915 635 1109 701 Arethusam
1131 636 1290 701 nebulam.

383 785 459 849 Met
475 783 546 849 XII.
564 789 604 846 32
629 780 731 845 oculis
753 779 871 844 nubem
894 778 993 844 obicit
1015 782 1047 842 et
1061 777 1261 862 Iphigeniam
1276 780 1381 841 mutat

632 906 796 991 supposita
819 926 920 969 cerva.
1023 989 1025 994 .
1154 895 1156 899 ’

384 1053 459 1116 Met.
475 1050 546 1115 XV.
564 1056 626 1115 537
653 1048 789 1134 Cynthia
812 1048 925 1113 densas
941 1048 1057 1112 obiecit
1071 1047 1181 1126 nubes,
1203 1051 1240 1111 ut
1255 1046 1380 1130 Hippo·

652 1176 755 1259 lytum
778 1178 926 1239 servaret.
1341 1142 1365 1200 ‘¹

255 1321 375 1405 Apollo
398 1319 473 1384 Met.
483 1318 554 1385 XIL
566 1324 630 1384 598
646 1319 769 1385 velatus
785 1318 903 1382 nebula
918 1316 949 1381 in
967 1337 1080 1401 agmen
1097 1315 1240 1399 pervenit
1249 1305 1379 1379 Troum.

256 1463 345 1528 Circe
368 1462 444 1528 Met.
460 1460 548 1527 XIV.
565 1468 629 1526 369
654 1460 767 1525 Picum
789 1460 907 1524 nebula
930 1459 1014 1523 velat
1036 1460 1081 1523 ita
1104 1462 1140 1522 ut
1163 1458 1229 1522 eius
1249 1457 1379 1523 comites

653 1586 753 1648 caecis
763 1584 919 1647 limitibus
930 1587 1084 1666 vagentur
1093 1602 1228 1664 eumque
1238 1582 1380 1646 invenire

653 1729 718 1771 non
740 1707 871 1790 possint.

255 1854 341 1918 Juno
365 1852 440 1916 Met.
457 1851 511 1916 Ill.
531 1857 676 1915 273-4:
702 1902 780 1916 ....
803 1850 955 1933 fulvaque
977 1849 1138 1914 recondita
1160 1849 1244 1913 nube

699 1973 795 2038 limen
820 1973 887 2038 adit
910 1972 1058 2039 Semeles.

367 2119 442 2183 Met.
457 2119 481 2184 Ι.
499 2125 562 2184 609
587 2141 651 2203 quo
679 2118 839 2202 Juppiter,
867 2125 904 2182 ut
930 2118 1012 2183 liber
1044 2118 1084 2181 ab
1116 2117 1242 2181 arbitris
1270 2116 1379 2181 Inachi

584 2243 683 2308 filiam
721 2242 943 2326 amplectatur,
980 2265 1013 2306 se
1044 2242 1222 2326 Jonemque
1254 2242 1379 2306 nebulis

586 2369 681 2447 velat,
704 2367 783 2432 Iuno
807 2367 865 2431 lias
888 2367 1022 2430 nebulas
1044 2367 1189 2431 recedere
1212 2366 1309 2432 iubet.

256 2507 364 2572 Venus
387 2509 462 2572 Met.
472 2508 542 2572 XV.
555 2514 685 2572 coe—6
708 2508 873 2570 Caesarem
889 2508 1028 2572 aetheria
1044 2507 1178 2572 condere
1194 2509 1277 2572 nube
1302 2509 1378 2587 vult,

708 2652 771 2714 qua
794 2631 881 2714 prius
897 2630 988 2695 Paris
1008 2631 1124 2696 infesto
1140 2632 1378 2719 Atridaeerep-

676 2733 678 2738 ⁴
707 2759 759 2820 tus
783 2760 830 2821 est
854 2761 886 2821 et
909 2756 1032 2821 Aeneas
1055 2757 1218 2822 Diomedis
1242 2757 1318 2823 ensi.

254 2899 397 2984 Nephele
420 2897 455 2963 F.
472 2898 526 2963 ΠΙ.
545 2905 608 2963 865
634 2898 750 2963 Hellen
770 2903 801 2963 et
817 2897 969 2964 Phrixum
993 2900 1071 2964 nubi
1094 2900 1242 2979 condidit,
1265 2905 1302 2965 ut
1326 2923 1379 2965 eos

634 3047 652 3086 a
676 3029 777 3088 morte
801 3024 945 3108 eriperet.
1207 3019 1209 3026 ’
1238 3001 1241 3020 ⁴

254 3164 347 3229 Ceres
376 3163 409 3229 F.
430 3163 485 3229 IV.
508 3170 568 3229 561
605 3164 723 3228 nubem
754 3165 855 3229 trahit
887 3166 983 3248 inque
1015 3169 1166 3232 dracones
1199 3126 1325 3233 transit.
1347 3173 1379 3232 et

606 3289 726 3374 aligero
749 3289 876 3354 tollitur
899 3312 966 3355 axe.

343 3431 412 3508 Qua
433 3438 591 3515 potestate
614 3434 709 3497 etiam
725 3433 865 3518 venefica
880 3432 1084 3499 celeberrima
1099 3435 1212 3500 Medea
1227 3436 1377 3501 abundat.

359 3571 433 3635 Met.
453 3571 519 3637 VII.
538 3581 615 3638 424:
640 3575 752 3659 effugit
779 3576 836 3640 illa
859 3598 981 3654 necem,
1008 3577 1133 3641 nebulis
1155 3600 1213 3661 per
1237 3579 1377 3642 carmina

641 3700 743 3763 motis.

202 3857 207 3864 ·
250 3836 346 3902 Ultra
368 3836 442 3901 Met.
460 3834 545 3902 XlV.
563 3844 694 3902 tra-3
719 3840 810 3904 deum
834 3843 992 3926 genetrix:

463 3980 602 4044 intonuit
626 3980 749 4045 dicente
773 3981 831 4044 dea
853 3984 1071 4067 tonitrumque
1094 3986 1194 4048 secuti

463 4129 535 4171 cum
558 4107 692 4171 saliente
715 4127 827 4190 graves
852 4108 1030 4173 ceciderunt
1052 4109 1204 4193 grandine
1227 4112 1336 4176 nimbi.

365 4246 439 4313 Met.
454 4248 510 4315 Ill.
529 4257 705 4316 699-700
729 4250 823 4315 Liber
846 4253 978 4316 carceris
1001 4253 1086 4316 fores
1109 4253 1211 4335 aperit
1234 4258 1266 4317 et
1281 4255 1372 4319 nullo

610 4399 613 4406 ’
730 4377 872 4441 solvente
904 4381 1031 4441 catenae
1056 4377 1219 4457 labuntur,
1259 4380 1373 4463 quihus

730 4502 912 4586 Tyrrhenus
935 4501 1069 4565 Acoetes
1092 4502 1218 4567 vinctus
1242 4509 1317 4569 erat.
