<?xml version="1.0" encoding="UTF-8"?>
<!DOCTYPE html PUBLIC "-//W3C//DTD XHTML 1.0 Transitional//EN"
    "http://www.w3.org/TR/xhtml1/DTD/xhtml1-transitional.dtd">
<html xmlns="http://www.w3.org/1999/xhtml" xml:lang="en" lang="en">
 <head>
  <title>
</title>
<meta http-equiv="Content-Type" content="text/html;charset=utf-8" />
  <meta name='ocr-system' content='tesseract 3.04.00' />
  <meta name='ocr-capabilities' content='ocr_page ocr_carea ocr_par ocr_line ocrx_word'/>
</head>
<body>
  <div class='ocr_page' id='page_1' title='image "./dediisfatojoveq00fabrgoog_0058.png"; bbox 0 0 3400 5159; ppageno 0'>
   <div class='ocr_carea' id='block_1_1' title="bbox 255 1116 345 1187">
    <p class='ocr_par' dir='ltr' id='par_1_1' title="bbox 255 1116 345 1187">
     <span class='ocr_line' id='line_1_1' title="bbox 255 1116 345 1187; baseline 0.022 -17"><span class='ocrx_word' id='word_1_1' title='bbox 255 1116 345 1187; x_wconf 66' lang='lat' dir='ltr'>saa.</span> 
     </span>
    </p>
   </div>
   <div class='ocr_carea' id='block_1_2' title="bbox 794 443 1016 499">
    <p class='ocr_par' dir='ltr' id='par_1_2' title="bbox 794 443 1016 499">
     <span class='ocr_line' id='line_1_2' title="bbox 794 443 1016 499; baseline 0.005 -16"><span class='ocrx_word' id='word_1_2' title='bbox 794 443 1016 499; x_wconf 69' lang='lat'><strong><em>„54-</em></strong></span> 
     </span>
    </p>
   </div>
   <div class='ocr_carea' id='block_1_3' title="bbox 769 753 1045 888">
    <p class='ocr_par' dir='ltr' id='par_1_3' title="bbox 769 753 1045 888">
     <span class='ocr_line' id='line_1_3' title="bbox 769 753 1045 888; baseline -0.011 -21"><span class='ocrx_word' id='word_1_3' title='bbox 769 753 1045 888; x_wconf 78' lang='lat' dir='ltr'>Conclusio.</span> 
     </span>
    </p>
   </div>
   <div class='ocr_carea' id='block_1_4' title="bbox 345 1109 1468 1569">
    <p class='ocr_par' dir='ltr' id='par_1_4' title="bbox 345 1109 1468 1569">
     <span class='ocr_line' id='line_1_4' title="bbox 435 1109 1468 1198; baseline 0.005 -26"><span class='ocrx_word' id='word_1_4' title='bbox 435 1110 452 1193; x_wconf 60' lang='grc' dir='ltr'>ᾗ</span> <span class='ocrx_word' id='word_1_5' title='bbox 478 1116 527 1172; x_wconf 86' lang='lat'>32.</span> <span class='ocrx_word' id='word_1_6' title='bbox 574 1109 772 1173; x_wconf 87' lang='lat' dir='ltr'>Immortales</span> <span class='ocrx_word' id='word_1_7' title='bbox 799 1110 844 1172; x_wconf 58' lang='lat' dir='ltr'>inv</span> <span class='ocrx_word' id='word_1_8' title='bbox 862 1109 1007 1198; x_wconf 53' lang='lat' dir='ltr'>dispersas&gt;</span> <span class='ocrx_word' id='word_1_9' title='bbox 1026 1111 1159 1174; x_wconf 87' lang='lat' dir='ltr'>transire</span> <span class='ocrx_word' id='word_1_10' title='bbox 1182 1112 1301 1196; x_wconf 84' lang='lat' dir='ltr'>figuras</span> <span class='ocrx_word' id='word_1_11' title='bbox 1324 1119 1468 1198; x_wconf 78' lang='lat' dir='ltr'>possunt,</span> 
     </span>
     <span class='ocr_line' id='line_1_5' title="bbox 346 1235 1467 1323; baseline 0.004 -26"><span class='ocrx_word' id='word_1_12' title='bbox 346 1254 441 1317; x_wconf 89' lang='lat' dir='ltr'>quam</span> <span class='ocrx_word' id='word_1_13' title='bbox 467 1238 659 1317; x_wconf 83' lang='lat' dir='ltr'>potestatem</span> <span class='ocrx_word' id='word_1_14' title='bbox 686 1235 781 1298; x_wconf 87' lang='lat' dir='ltr'>etiam</span> <span class='ocrx_word' id='word_1_15' title='bbox 809 1235 872 1301; x_wconf 88' lang='lat' dir='ltr'>sibi</span> <span class='ocrx_word' id='word_1_16' title='bbox 897 1235 1067 1323; x_wconf 70' lang='lat' dir='ltr'><strong>carissimis</strong></span> <span class='ocrx_word' id='word_1_17' title='bbox 1095 1237 1281 1301; x_wconf 87' lang='lat' dir='ltr'>attribuunt.</span> <span class='ocrx_word' id='word_1_18' title='bbox 1327 1237 1467 1303; x_wconf 89' lang='lat' dir='ltr'>Vertunt</span> 
     </span>
     <span class='ocr_line' id='line_1_6' title="bbox 345 1358 1466 1444; baseline 0.004 -23"><span class='ocrx_word' id='word_1_19' title='bbox 345 1358 488 1439; x_wconf 85' lang='lat' dir='ltr'>homines</span> <span class='ocrx_word' id='word_1_20' title='bbox 516 1359 549 1421; x_wconf 92' lang='lat' dir='ltr'>in</span> <span class='ocrx_word' id='word_1_21' title='bbox 577 1358 750 1436; x_wconf 78' lang='lat' dir='ltr'>animalia,</span> <span class='ocrx_word' id='word_1_22' title='bbox 771 1359 890 1437; x_wconf 86' lang='lat' dir='ltr'>fontes,</span> <span class='ocrx_word' id='word_1_23' title='bbox 919 1360 1047 1442; x_wconf 76' lang='lat' dir='ltr'><strong>plantas</strong></span> <span class='ocrx_word' id='word_1_24' title='bbox 1070 1359 1238 1444; x_wconf 82' lang='lat' dir='ltr'>floresque,</span> <span class='ocrx_word' id='word_1_25' title='bbox 1270 1362 1303 1425; x_wconf 93' lang='lat' dir='ltr'>in</span> <span class='ocrx_word' id='word_1_26' title='bbox 1317 1384 1375 1426; x_wconf 79' lang='lat' dir='ltr'>res</span> <span class='ocrx_word' id='word_1_27' title='bbox 1399 1364 1466 1426; x_wconf 85' lang='lat' dir='ltr'>vita</span> 
     </span>
     <span class='ocr_line' id='line_1_7' title="bbox 345 1482 1466 1569; baseline 0.003 -22"><span class='ocrx_word' id='word_1_28' title='bbox 345 1487 487 1547; x_wconf 86' lang='lat' dir='ltr'>carentes</span> <span class='ocrx_word' id='word_1_29' title='bbox 510 1483 667 1547; x_wconf 88' lang='lat' dir='ltr'>animalia.</span> <span class='ocrx_word' id='word_1_30' title='bbox 714 1482 841 1547; x_wconf 83' lang='lat' dir='ltr'>Mutant</span> <span class='ocrx_word' id='word_1_31' title='bbox 865 1483 1007 1566; x_wconf 81' lang='lat' dir='ltr'>singulas</span> <span class='ocrx_word' id='word_1_32' title='bbox 1029 1483 1325 1567; x_wconf 37' lang='lat' dir='ltr'>humanircorporis</span> <span class='ocrx_word' id='word_1_33' title='bbox 1349 1491 1466 1569; x_wconf 77' lang='lat' dir='ltr'>partae,</span> 
     </span>
    </p>
   </div>
   <div class='ocr_carea' id='block_1_5' title="bbox 345 1607 1464 1692">
    <p class='ocr_par' dir='ltr' id='par_1_5' title="bbox 345 1607 1464 1692">
     <span class='ocr_line' id='line_1_8' title="bbox 345 1607 1464 1692; baseline 0.004 -21"><span class='ocrx_word' id='word_1_34' title='bbox 345 1608 481 1691; x_wconf 85' lang='lat' dir='ltr'>speciem</span> <span class='ocrx_word' id='word_1_35' title='bbox 503 1608 639 1671; x_wconf 88' lang='lat' dir='ltr'>induunt</span> <span class='ocrx_word' id='word_1_36' title='bbox 662 1607 895 1687; x_wconf 88' lang='lat' dir='ltr'>amantissimis,</span> <span class='ocrx_word' id='word_1_37' title='bbox 918 1613 956 1672; x_wconf 89' lang='lat' dir='ltr'>ut</span> <span class='ocrx_word' id='word_1_38' title='bbox 975 1608 1123 1692; x_wconf 74' lang='lat' dir='ltr'>cognosci</span> <span class='ocrx_word' id='word_1_39' title='bbox 1139 1610 1354 1692; x_wconf 83' lang='lat' dir='ltr'>nonpossint3</span> <span class='ocrx_word' id='word_1_40' title='bbox 1379 1632 1464 1675; x_wconf 90' lang='lat' dir='ltr'>corn·</span> 
     </span>
    </p>
   </div>
   <div class='ocr_carea' id='block_1_6' title="bbox 344 1732 1542 2066">
    <p class='ocr_par' dir='ltr' id='par_1_6' title="bbox 344 1732 1542 2066">
     <span class='ocr_line' id='line_1_9' title="bbox 344 1732 1464 1814; baseline 0.004 -20"><span class='ocrx_word' id='word_1_41' title='bbox 344 1734 468 1796; x_wconf 86' lang='lat' dir='ltr'>mutant</span> <span class='ocrx_word' id='word_1_42' title='bbox 482 1732 655 1810; x_wconf 50' lang='lat' dir='ltr'>¹hominum</span> <span class='ocrx_word' id='word_1_43' title='bbox 678 1755 784 1814; x_wconf 73' lang='lat' dir='ltr'>senus,</span> <span class='ocrx_word' id='word_1_44' title='bbox 807 1732 898 1796; x_wconf 82' lang='lat' dir='ltr'>uirile</span> <span class='ocrx_word' id='word_1_45' title='bbox 921 1736 1049 1797; x_wconf 82' lang='lat' dir='ltr'>vertunt</span> <span class='ocrx_word' id='word_1_46' title='bbox 1072 1733 1105 1800; x_wconf 87' lang='lat' dir='ltr'>in</span> <span class='ocrx_word' id='word_1_47' title='bbox 1128 1734 1291 1810; x_wconf 83' lang='lat' dir='ltr'><strong>muliebre,</strong></span> <span class='ocrx_word' id='word_1_48' title='bbox 1308 1734 1464 1799; x_wconf 25' lang='lat' dir='ltr'>,feminam</span> 
     </span>
     <span class='ocr_line' id='line_1_10' title="bbox 344 1855 1542 1942; baseline 0.002 -23"><span class='ocrx_word' id='word_1_49' title='bbox 344 1856 571 1919; x_wconf 86' lang='lat' dir='ltr'>transformant</span> <span class='ocrx_word' id='word_1_50' title='bbox 593 1855 626 1918; x_wconf 92' lang='lat' dir='ltr'>in</span> <span class='ocrx_word' id='word_1_51' title='bbox 646 1855 757 1920; x_wconf 86' lang='lat' dir='ltr'>virum.</span> <span class='ocrx_word' id='word_1_52' title='bbox 789 1855 899 1920; x_wconf 80' lang='lat' dir='ltr'>Tellus</span> <span class='ocrx_word' id='word_1_53' title='bbox 920 1861 1062 1919; x_wconf 89' lang='lat' dir='ltr'>monstra</span> <span class='ocrx_word' id='word_1_54' title='bbox 1078 1856 1213 1938; x_wconf 42' lang='lat' dir='ltr'>diversis,</span> <span class='ocrx_word' id='word_1_55' title='bbox 1223 1857 1334 1921; x_wconf 83' lang='lat' dir='ltr'>formis</span> <span class='ocrx_word' id='word_1_56' title='bbox 1350 1857 1467 1942; x_wconf 78' lang='lat' dir='ltr'>gignit,</span> <span class='ocrx_word' id='word_1_57' title='bbox 1537 1927 1542 1940; x_wconf 55' lang='lat'>,</span> 
     </span>
     <span class='ocr_line' id='line_1_11' title="bbox 344 1979 1466 2066; baseline 0.001 -21"><span class='ocrx_word' id='word_1_58' title='bbox 344 1981 377 2045; x_wconf 92' lang='lat' dir='ltr'>in</span> <span class='ocrx_word' id='word_1_59' title='bbox 402 1981 515 2064; x_wconf 91' lang='lat' dir='ltr'>quibus</span> <span class='ocrx_word' id='word_1_60' title='bbox 540 2002 666 2064; x_wconf 90' lang='lat' dir='ltr'>quoqne</span> <span class='ocrx_word' id='word_1_61' title='bbox 688 1980 876 2065; x_wconf 67' lang='lat' dir='ltr'>Pythonem,</span> <span class='ocrx_word' id='word_1_62' title='bbox 921 1979 1029 2045; x_wconf 87' lang='lat' dir='ltr'>Venus</span> <span class='ocrx_word' id='word_1_63' title='bbox 1054 1985 1191 2046; x_wconf 86' lang='lat' dir='ltr'>statuam</span> <span class='ocrx_word' id='word_1_64' title='bbox 1215 2005 1234 2046; x_wconf 91' lang='lat' dir='ltr'>a</span> <span class='ocrx_word' id='word_1_65' title='bbox 1256 1981 1466 2066; x_wconf 65' lang='lat' dir='ltr'>Pygmalionis</span> 
     </span>
    </p>
   </div>
   <div class='ocr_carea' id='block_1_7' title="bbox 342 2104 1464 2189">
    <p class='ocr_par' dir='ltr' id='par_1_7' title="bbox 342 2104 1464 2189">
     <span class='ocr_line' id='line_1_12' title="bbox 342 2104 1464 2189; baseline -0.002 -19"><span class='ocrx_word' id='word_1_66' title='bbox 342 2104 500 2170; x_wconf 84' lang='lat' dir='ltr'>caelatum</span> <span class='ocrx_word' id='word_1_67' title='bbox 523 2104 556 2168; x_wconf 91' lang='lat' dir='ltr'>in</span> <span class='ocrx_word' id='word_1_68' title='bbox 580 2105 736 2189; x_wconf 87' lang='lat' dir='ltr'>virginem</span> <span class='ocrx_word' id='word_1_69' title='bbox 758 2104 864 2170; x_wconf 86' lang='lat' dir='ltr'>vertit.</span> <span class='ocrx_word' id='word_1_70' title='bbox 911 2104 980 2181; x_wconf 87' lang='lat' dir='ltr'>Quo</span> <span class='ocrx_word' id='word_1_71' title='bbox 1004 2105 1128 2170; x_wconf 85' lang='lat' dir='ltr'>facilius</span> <span class='ocrx_word' id='word_1_72' title='bbox 1158 2111 1289 2170; x_wconf 85' lang='lat' dir='ltr'>amatos</span> <span class='ocrx_word' id='word_1_73' title='bbox 1303 2128 1375 2169; x_wconf 87' lang='lat' dir='ltr'>snos</span> <span class='ocrx_word' id='word_1_74' title='bbox 1399 2128 1464 2168; x_wconf 90' lang='lat' dir='ltr'>ser·</span> 
     </span>
    </p>
   </div>
   <div class='ocr_carea' id='block_1_8' title="bbox 342 2229 1565 2313">
    <p class='ocr_par' dir='ltr' id='par_1_8' title="bbox 342 2229 1565 2313">
     <span class='ocr_line' id='line_1_13' title="bbox 342 2229 1565 2313; baseline 0 -21"><span class='ocrx_word' id='word_1_75' title='bbox 342 2232 420 2294; x_wconf 73' lang='lat' dir='ltr'>,vent</span> <span class='ocrx_word' id='word_1_76' title='bbox 447 2251 562 2312; x_wconf 89' lang='lat' dir='ltr'>eosque</span> <span class='ocrx_word' id='word_1_77' title='bbox 590 2252 609 2293; x_wconf 90' lang='lat' dir='ltr'>a</span> <span class='ocrx_word' id='word_1_78' title='bbox 632 2234 733 2293; x_wconf 90' lang='lat' dir='ltr'>morte</span> <span class='ocrx_word' id='word_1_79' title='bbox 757 2229 906 2313; x_wconf 84' lang='lat' dir='ltr'>eripiant,</span> <span class='ocrx_word' id='word_1_80' title='bbox 938 2231 989 2295; x_wconf 90' lang='lat' dir='ltr'>dei</span> <span class='ocrx_word' id='word_1_81' title='bbox 1012 2230 1187 2293; x_wconf 88' lang='lat' dir='ltr'>carissimos</span> <span class='ocrx_word' id='word_1_82' title='bbox 1211 2229 1288 2292; x_wconf 93' lang='lat' dir='ltr'>nubi</span> <span class='ocrx_word' id='word_1_83' title='bbox 1312 2229 1466 2302; x_wconf 86' lang='lat' dir='ltr'>condunt;</span> <span class='ocrx_word' id='word_1_84' title='bbox 1563 2234 1565 2236; x_wconf 78' lang='grc'><strong>’</strong></span> 
     </span>
    </p>
   </div>
   <div class='ocr_carea' id='block_1_9' title="bbox 344 2352 1523 4421">
    <p class='ocr_par' dir='ltr' id='par_1_9' title="bbox 344 2352 1523 4421">
     <span class='ocr_line' id='line_1_14' title="bbox 344 2352 1466 2437; baseline -0.002 -20"><span class='ocrx_word' id='word_1_85' title='bbox 344 2354 405 2436; x_wconf 92' lang='lat' dir='ltr'>ipsi</span> <span class='ocrx_word' id='word_1_86' title='bbox 428 2375 461 2417; x_wconf 88' lang='lat' dir='ltr'>se</span> <span class='ocrx_word' id='word_1_87' title='bbox 484 2353 608 2417; x_wconf 87' lang='lat' dir='ltr'>nebulis</span> <span class='ocrx_word' id='word_1_88' title='bbox 630 2354 751 2436; x_wconf 85' lang='lat' dir='ltr'>velant,</span> <span class='ocrx_word' id='word_1_89' title='bbox 778 2360 815 2418; x_wconf 86' lang='lat' dir='ltr'>ut</span> <span class='ocrx_word' id='word_1_90' title='bbox 843 2377 863 2418; x_wconf 90' lang='lat' dir='ltr'>a</span> <span class='ocrx_word' id='word_1_91' title='bbox 885 2354 1066 2420; x_wconf 89' lang='lat' dir='ltr'>mortalium</span> <span class='ocrx_word' id='word_1_92' title='bbox 1091 2359 1260 2437; x_wconf 87' lang='lat' dir='ltr'>conspectu</span> <span class='ocrx_word' id='word_1_93' title='bbox 1282 2352 1396 2417; x_wconf 89' lang='lat' dir='ltr'>remoti</span> <span class='ocrx_word' id='word_1_94' title='bbox 1419 2354 1466 2415; x_wconf 90' lang='lat' dir='ltr'>eis</span> 
     </span>
     <span class='ocr_line' id='line_1_15' title="bbox 345 2478 1523 2562; baseline -0.003 -19"><span class='ocrx_word' id='word_1_95' title='bbox 345 2478 502 2543; x_wconf 87' lang='lat' dir='ltr'>adiutores</span> <span class='ocrx_word' id='word_1_96' title='bbox 525 2478 588 2542; x_wconf 82' lang='lat' dir='ltr'>sint</span> <span class='ocrx_word' id='word_1_97' title='bbox 612 2484 666 2542; x_wconf 86' lang='lat' dir='ltr'>ant</span> <span class='ocrx_word' id='word_1_98' title='bbox 689 2483 725 2542; x_wconf 92' lang='lat' dir='ltr'>ut</span> <span class='ocrx_word' id='word_1_99' title='bbox 748 2478 807 2562; x_wconf 90' lang='lat' dir='ltr'>ipsi</span> <span class='ocrx_word' id='word_1_100' title='bbox 830 2478 953 2550; x_wconf 80' lang='lat' dir='ltr'>furtum</span> <span class='ocrx_word' id='word_1_101' title='bbox 968 2480 1035 2543; x_wconf 85' lang='lat' dir='ltr'>sive</span> <span class='ocrx_word' id='word_1_102' title='bbox 1051 2479 1210 2544; x_wconf 83' lang='lat' dir='ltr'>fallaciam</span> <span class='ocrx_word' id='word_1_103' title='bbox 1230 2478 1358 2557; x_wconf 83' lang='lat' dir='ltr'>faciant,</span> <span class='ocrx_word' id='word_1_104' title='bbox 1381 2478 1465 2541; x_wconf 89' lang='lat' dir='ltr'>Mer·</span> <span class='ocrx_word' id='word_1_105' title='bbox 1515 2536 1523 2548; x_wconf 84' lang='grc'>,</span> 
     </span>
     <span class='ocr_line' id='line_1_16' title="bbox 345 2603 1466 2687; baseline -0.002 -19"><span class='ocrx_word' id='word_1_106' title='bbox 345 2604 432 2668; x_wconf 88' lang='lat' dir='ltr'>curio</span> <span class='ocrx_word' id='word_1_107' title='bbox 465 2607 610 2686; x_wconf 85' lang='lat' dir='ltr'>excepto,</span> <span class='ocrx_word' id='word_1_108' title='bbox 642 2604 698 2686; x_wconf 92' lang='lat' dir='ltr'>qui</span> <span class='ocrx_word' id='word_1_109' title='bbox 730 2603 883 2667; x_wconf 89' lang='lat' dir='ltr'>eiusmodi</span> <span class='ocrx_word' id='word_1_110' title='bbox 915 2607 997 2668; x_wconf 89' lang='lat' dir='ltr'>artes</span> <span class='ocrx_word' id='word_1_111' title='bbox 1028 2605 1185 2687; x_wconf 83' lang='lat' dir='ltr'>repudiat,</span> <span class='ocrx_word' id='word_1_112' title='bbox 1219 2626 1290 2667; x_wconf 87' lang='lat' dir='ltr'>cnm</span> <span class='ocrx_word' id='word_1_113' title='bbox 1318 2604 1346 2666; x_wconf 90' lang='lat' dir='ltr'>ei</span> <span class='ocrx_word' id='word_1_114' title='bbox 1374 2603 1466 2686; x_wconf 79' lang='lat' dir='ltr'>uirga</span> 
     </span>
     <span class='ocr_line' id='line_1_17' title="bbox 345 2728 1463 2814; baseline -0.003 -22"><span class='ocrx_word' id='word_1_115' title='bbox 345 2729 469 2814; x_wconf 85' lang='lat' dir='ltr'>magica</span> <span class='ocrx_word' id='word_1_116' title='bbox 499 2751 662 2812; x_wconf 88' lang='lat' dir='ltr'>nunquam</span> <span class='ocrx_word' id='word_1_117' title='bbox 694 2729 808 2793; x_wconf 82' lang='lat' dir='ltr'>fallens</span> <span class='ocrx_word' id='word_1_118' title='bbox 836 2734 993 2812; x_wconf 77' lang='lat' dir='ltr'>suppetat.</span> <span class='ocrx_word' id='word_1_119' title='bbox 1050 2728 1220 2808; x_wconf 79' lang='lat' dir='ltr'>Neptunus</span> <span class='ocrx_word' id='word_1_120' title='bbox 1249 2728 1398 2791; x_wconf 85' lang='lat' dir='ltr'>mortales</span> <span class='ocrx_word' id='word_1_121' title='bbox 1430 2728 1463 2789; x_wconf 92' lang='lat' dir='ltr'>in</span> 
     </span>
     <span class='ocr_line' id='line_1_18' title="bbox 345 2847 1464 2917; baseline -0.005 -1"><span class='ocrx_word' id='word_1_122' title='bbox 345 2854 475 2917; x_wconf 89' lang='lat' dir='ltr'>deorum</span> <span class='ocrx_word' id='word_1_123' title='bbox 499 2852 594 2916; x_wconf 90' lang='lat' dir='ltr'>maris</span> <span class='ocrx_word' id='word_1_124' title='bbox 617 2851 903 2916; x_wconf 78' lang='lat' dir='ltr'>numerum&#39;refert</span> <span class='ocrx_word' id='word_1_125' title='bbox 932 2854 963 2913; x_wconf 93' lang='lat' dir='ltr'>et</span> <span class='ocrx_word' id='word_1_126' title='bbox 986 2849 1089 2911; x_wconf 88' lang='lat' dir='ltr'>Diana</span> <span class='ocrx_word' id='word_1_127' title='bbox 1111 2849 1144 2911; x_wconf 90' lang='lat' dir='ltr'>in</span> <span class='ocrx_word' id='word_1_128' title='bbox 1168 2847 1266 2911; x_wconf 87' lang='lat' dir='ltr'>silvae</span> <span class='ocrx_word' id='word_1_129' title='bbox 1288 2848 1464 2910; x_wconf 88' lang='lat' dir='ltr'>numinum.</span> 
     </span>
     <span class='ocr_line' id='line_1_19' title="bbox 345 2971 1465 3055; baseline -0.005 -14"><span class='ocrx_word' id='word_1_130' title='bbox 345 2976 483 3041; x_wconf 87' lang='lat' dir='ltr'>Praescii</span> <span class='ocrx_word' id='word_1_131' title='bbox 514 2981 588 3040; x_wconf 92' lang='lat' dir='ltr'>sunt</span> <span class='ocrx_word' id='word_1_132' title='bbox 619 2977 744 3043; x_wconf 87' lang='lat' dir='ltr'>venturi</span> <span class='ocrx_word' id='word_1_133' title='bbox 776 2980 807 3039; x_wconf 89' lang='lat' dir='ltr'>et</span> <span class='ocrx_word' id='word_1_134' title='bbox 838 2974 888 3038; x_wconf 86' lang='lat' dir='ltr'>dei</span> <span class='ocrx_word' id='word_1_135' title='bbox 921 2977 952 3036; x_wconf 86' lang='lat' dir='ltr'>et</span> <span class='ocrx_word' id='word_1_136' title='bbox 979 2971 1136 3055; x_wconf 86' lang='lat' dir='ltr'>nymphae</span> <span class='ocrx_word' id='word_1_137' title='bbox 1164 2976 1196 3035; x_wconf 91' lang='lat' dir='ltr'>et</span> <span class='ocrx_word' id='word_1_138' title='bbox 1222 2971 1380 3050; x_wconf 88' lang='lat' dir='ltr'>homines,</span> <span class='ocrx_word' id='word_1_139' title='bbox 1408 2972 1465 3055; x_wconf 91' lang='lat' dir='ltr'>qui</span> 
     </span>
     <span class='ocr_line' id='line_1_20' title="bbox 345 3073 1468 3166; baseline -0.005 0"><span class='ocrx_word' id='word_1_140' title='bbox 345 3102 426 3166; x_wconf 87' lang='lat' dir='ltr'>hanc</span> <span class='ocrx_word' id='word_1_141' title='bbox 454 3100 679 3166; x_wconf 87' lang='lat' dir='ltr'>divinationem</span> <span class='ocrx_word' id='word_1_142' title='bbox 703 3102 743 3166; x_wconf 88' lang='lat' dir='ltr'>ab</span> <span class='ocrx_word' id='word_1_143' title='bbox 765 3098 999 3164; x_wconf 82' lang='lat' dir='ltr'>immortalibus</span> <span class='ocrx_word' id='word_1_144' title='bbox 1023 3109 1059 3161; x_wconf 89' lang='lat' dir='ltr'>ut</span> <span class='ocrx_word' id='word_1_145' title='bbox 1081 3097 1334 3162; x_wconf 82' lang='lat' dir='ltr'>benevolentiam</span> <span class='ocrx_word' id='word_1_146' title='bbox 1363 3100 1394 3161; x_wconf 90' lang='lat' dir='ltr'>et</span> <span class='ocrx_word' id='word_1_147' title='bbox 1416 3073 1468 3161; x_wconf 61' lang='lat' dir='ltr'>fass</span> 
     </span>
     <span class='ocr_line' id='line_1_21' title="bbox 345 3224 1465 3309; baseline -0.002 -21"><span class='ocrx_word' id='word_1_148' title='bbox 345 3247 451 3290; x_wconf 88' lang='lat' dir='ltr'>vorem</span> <span class='ocrx_word' id='word_1_149' title='bbox 475 3230 670 3309; x_wconf 83' lang='lat' dir='ltr'>acceperunt.</span> <span class='ocrx_word' id='word_1_150' title='bbox 702 3225 763 3290; x_wconf 82' lang='lat' dir='ltr'>Sed</span> <span class='ocrx_word' id='word_1_151' title='bbox 786 3226 837 3289; x_wconf 87' lang='lat' dir='ltr'>hic</span> <span class='ocrx_word' id='word_1_152' title='bbox 853 3225 917 3289; x_wconf 92' lang='lat' dir='ltr'>iam</span> <span class='ocrx_word' id='word_1_153' title='bbox 933 3224 1081 3308; x_wconf 80' lang='lat' dir='ltr'>cognosci</span> <span class='ocrx_word' id='word_1_154' title='bbox 1097 3225 1210 3305; x_wconf 89' lang='lat' dir='ltr'>potest,</span> <span class='ocrx_word' id='word_1_155' title='bbox 1234 3244 1314 3305; x_wconf 90' lang='lat' dir='ltr'>quae</span> <span class='ocrx_word' id='word_1_156' title='bbox 1330 3227 1465 3306; x_wconf 84' lang='lat' dir='ltr'>angusta</span> 
     </span>
     <span class='ocr_line' id='line_1_22' title="bbox 345 3346 1465 3431; baseline -0.003 -17"><span class='ocrx_word' id='word_1_157' title='bbox 345 3372 382 3413; x_wconf 89' lang='lat' dir='ltr'>ao</span> <span class='ocrx_word' id='word_1_158' title='bbox 408 3350 498 3414; x_wconf 88' lang='lat' dir='ltr'>finita</span> <span class='ocrx_word' id='word_1_159' title='bbox 526 3353 655 3414; x_wconf 88' lang='lat' dir='ltr'>deorum</span> <span class='ocrx_word' id='word_1_160' title='bbox 682 3349 823 3431; x_wconf 87' lang='lat' dir='ltr'>potentia</span> <span class='ocrx_word' id='word_1_161' title='bbox 852 3349 901 3412; x_wconf 86' lang='lat' dir='ltr'>sit.</span> <span class='ocrx_word' id='word_1_162' title='bbox 948 3346 1138 3428; x_wconf 85' lang='lat' dir='ltr'>Saepissime</span> <span class='ocrx_word' id='word_1_163' title='bbox 1166 3346 1216 3409; x_wconf 89' lang='lat' dir='ltr'>dei</span> <span class='ocrx_word' id='word_1_164' title='bbox 1244 3346 1324 3410; x_wconf 90' lang='lat' dir='ltr'>nihil</span> <span class='ocrx_word' id='word_1_165' title='bbox 1352 3346 1465 3411; x_wconf 83' lang='lat' dir='ltr'>sciunt.</span> 
     </span>
     <span class='ocr_line' id='line_1_23' title="bbox 345 3469 1467 3554; baseline -0.002 -19"><span class='ocrx_word' id='word_1_166' title='bbox 345 3471 429 3535; x_wconf 84' lang='lat' dir='ltr'>Juno</span> <span class='ocrx_word' id='word_1_167' title='bbox 453 3493 601 3554; x_wconf 92' lang='lat' dir='ltr'>superum</span> <span class='ocrx_word' id='word_1_168' title='bbox 623 3470 734 3553; x_wconf 88' lang='lat' dir='ltr'>regina</span> <span class='ocrx_word' id='word_1_169' title='bbox 755 3469 864 3532; x_wconf 81' lang='lat' dir='ltr'>futura</span> <span class='ocrx_word' id='word_1_170' title='bbox 887 3469 1000 3552; x_wconf 87' lang='lat' dir='ltr'>ignara</span> <span class='ocrx_word' id='word_1_171' title='bbox 1023 3472 1078 3534; x_wconf 85' lang='lat' dir='ltr'>est.</span> <span class='ocrx_word' id='word_1_172' title='bbox 1124 3469 1256 3553; x_wconf 80' lang='lat' dir='ltr'>Apollo,</span> <span class='ocrx_word' id='word_1_173' title='bbox 1284 3471 1361 3536; x_wconf 89' lang='lat' dir='ltr'>artis</span> <span class='ocrx_word' id='word_1_174' title='bbox 1389 3471 1467 3534; x_wconf 88' lang='lat' dir='ltr'>deus</span> 
     </span>
     <span class='ocr_line' id='line_1_24' title="bbox 345 3592 1465 3677; baseline -0.002 -18"><span class='ocrx_word' id='word_1_175' title='bbox 345 3594 526 3672; x_wconf 90' lang='lat' dir='ltr'>medicinae,</span> <span class='ocrx_word' id='word_1_176' title='bbox 542 3598 652 3658; x_wconf 84' lang='lat' dir='ltr'>contra</span> <span class='ocrx_word' id='word_1_177' title='bbox 665 3597 800 3657; x_wconf 90' lang='lat' dir='ltr'>mortem</span> <span class='ocrx_word' id='word_1_178' title='bbox 809 3592 938 3656; x_wconf 90' lang='lat' dir='ltr'>inermis</span> <span class='ocrx_word' id='word_1_179' title='bbox 949 3597 996 3657; x_wconf 85' lang='lat' dir='ltr'>est</span> <span class='ocrx_word' id='word_1_180' title='bbox 1006 3598 1100 3677; x_wconf 86' lang='lat' dir='ltr'>atque</span> <span class='ocrx_word' id='word_1_181' title='bbox 1109 3594 1296 3659; x_wconf 89' lang='lat' dir='ltr'>imbecillus.</span> <span class='ocrx_word' id='word_1_182' title='bbox 1319 3595 1465 3658; x_wconf 80' lang='lat' dir='ltr'>Eundem</span> 
     </span>
     <span class='ocr_line' id='line_1_25' title="bbox 345 3716 1465 3804; baseline -0.009 -20"><span class='ocrx_word' id='word_1_183' title='bbox 345 3719 544 3804; x_wconf 76' lang='lat' dir='ltr'>Apollinem,</span> <span class='ocrx_word' id='word_1_184' title='bbox 556 3719 612 3803; x_wconf 91' lang='lat' dir='ltr'>qni</span> <span class='ocrx_word' id='word_1_185' title='bbox 627 3719 664 3783; x_wconf 88' lang='lat' dir='ltr'>de</span> <span class='ocrx_word' id='word_1_186' title='bbox 680 3740 714 3783; x_wconf 90' lang='lat' dir='ltr'>se</span> <span class='ocrx_word' id='word_1_187' title='bbox 731 3717 814 3800; x_wconf 90' lang='lat' dir='ltr'>ipso:</span> <span class='ocrx_word' id='word_1_188' title='bbox 838 3740 895 3801; x_wconf 89' lang='lat' dir='ltr'>per</span> <span class='ocrx_word' id='word_1_189' title='bbox 910 3740 961 3783; x_wconf 84' lang='lat' dir='ltr'>me</span> <span class='ocrx_word' id='word_1_190' title='bbox 977 3719 1062 3802; x_wconf 90' lang='lat' dir='ltr'>qnod</span> <span class='ocrx_word' id='word_1_191' title='bbox 1078 3718 1200 3801; x_wconf 88' lang='lat' dir='ltr'>eritque</span> <span class='ocrx_word' id='word_1_192' title='bbox 1215 3716 1337 3799; x_wconf 82' lang='lat' dir='ltr'>fuitque</span> <span class='ocrx_word' id='word_1_193' title='bbox 1354 3720 1465 3797; x_wconf 88' lang='lat' dir='ltr'>estque</span> 
     </span>
     <span class='ocr_line' id='line_1_26' title="bbox 345 3839 1464 3930; baseline -0.01 -20"><span class='ocrx_word' id='word_1_194' title='bbox 345 3850 441 3930; x_wconf 83' lang='lat' dir='ltr'>patet,</span> <span class='ocrx_word' id='word_1_195' title='bbox 465 3868 522 3910; x_wconf 88' lang='lat' dir='ltr'>sua</span> <span class='ocrx_word' id='word_1_196' title='bbox 545 3845 673 3909; x_wconf 84' lang='lat' dir='ltr'>oracula</span> <span class='ocrx_word' id='word_1_197' title='bbox 695 3844 819 3908; x_wconf 88' lang='lat' dir='ltr'>fallunt.</span> <span class='ocrx_word' id='word_1_198' title='bbox 865 3842 970 3907; x_wconf 89' lang='lat' dir='ltr'>Nemo</span> <span class='ocrx_word' id='word_1_199' title='bbox 993 3843 1055 3907; x_wconf 91' lang='lat' dir='ltr'>nisi</span> <span class='ocrx_word' id='word_1_200' title='bbox 1074 3841 1221 3926; x_wconf 87' lang='lat' dir='ltr'>Juppiter</span> <span class='ocrx_word' id='word_1_201' title='bbox 1245 3839 1351 3903; x_wconf 86' lang='lat' dir='ltr'>omnia</span> <span class='ocrx_word' id='word_1_202' title='bbox 1373 3858 1464 3920; x_wconf 88' lang='lat' dir='ltr'>prae·</span> 
     </span>
     <span class='ocr_line' id='line_1_27' title="bbox 346 3964 1464 4055; baseline -0.012 -18"><span class='ocrx_word' id='word_1_203' title='bbox 346 3972 448 4037; x_wconf 87' lang='lat' dir='ltr'>noscit</span> <span class='ocrx_word' id='word_1_204' title='bbox 469 3971 584 4034; x_wconf 86' lang='lat' dir='ltr'>futura.</span> <span class='ocrx_word' id='word_1_205' title='bbox 622 3971 761 4033; x_wconf 90' lang='lat' dir='ltr'>Deorum</span> <span class='ocrx_word' id='word_1_206' title='bbox 785 3991 867 4032; x_wconf 91' lang='lat' dir='ltr'>unns</span> <span class='ocrx_word' id='word_1_207' title='bbox 883 3966 1040 4055; x_wconf 71' lang='lat' dir='ltr'>Juppiter⁴</span> <span class='ocrx_word' id='word_1_208' title='bbox 1052 3967 1152 4031; x_wconf 85' lang='lat' dir='ltr'>futuri</span> <span class='ocrx_word' id='word_1_209' title='bbox 1174 3964 1377 4044; x_wconf 80' lang='lat' dir='ltr'>satorumque</span> <span class='ocrx_word' id='word_1_210' title='bbox 1396 3984 1464 4025; x_wconf 92' lang='lat' dir='ltr'>om·</span> 
     </span>
     <span class='ocr_line' id='line_1_28' title="bbox 345 4085 1466 4178; baseline -0.008 -18"><span class='ocrx_word' id='word_1_211' title='bbox 345 4097 434 4160; x_wconf 90' lang='lat' dir='ltr'>nium</span> <span class='ocrx_word' id='word_1_212' title='bbox 460 4096 620 4178; x_wconf 87' lang='lat' dir='ltr'>praescius</span> <span class='ocrx_word' id='word_1_213' title='bbox 648 4100 704 4159; x_wconf 85' lang='lat' dir='ltr'>est.</span> <span class='ocrx_word' id='word_1_214' title='bbox 754 4091 871 4157; x_wconf 90' lang='lat' dir='ltr'>Veneri</span> <span class='ocrx_word' id='word_1_215' title='bbox 902 4093 1001 4157; x_wconf 89' lang='lat' dir='ltr'>futuri</span> <span class='ocrx_word' id='word_1_216' title='bbox 1029 4093 1156 4175; x_wconf 82' lang='lat' dir='ltr'>ignarae</span> <span class='ocrx_word' id='word_1_217' title='bbox 1183 4086 1250 4149; x_wconf 76' lang='lat' dir='ltr'>fata</span> <span class='ocrx_word' id='word_1_218' title='bbox 1278 4085 1466 4152; x_wconf 86' lang='lat' dir='ltr'>amatissimi</span> 
     </span>
     <span class='ocr_line' id='line_1_29' title="bbox 346 4210 1464 4302; baseline -0.007 -18"><span class='ocrx_word' id='word_1_219' title='bbox 346 4219 486 4285; x_wconf 78' lang='lat' dir='ltr'>Caesaris</span> <span class='ocrx_word' id='word_1_220' title='bbox 509 4219 615 4283; x_wconf 86' lang='lat' dir='ltr'>refert.</span> <span class='ocrx_word' id='word_1_221' title='bbox 654 4217 801 4302; x_wconf 88' lang='lat' dir='ltr'>Juppiter</span> <span class='ocrx_word' id='word_1_222' title='bbox 824 4239 896 4282; x_wconf 89' lang='lat' dir='ltr'>cum</span> <span class='ocrx_word' id='word_1_223' title='bbox 919 4219 1045 4301; x_wconf 83' lang='lat' dir='ltr'>gentem</span> <span class='ocrx_word' id='word_1_224' title='bbox 1069 4211 1238 4275; x_wconf 86' lang='lat' dir='ltr'>humanam</span> <span class='ocrx_word' id='word_1_225' title='bbox 1264 4211 1303 4275; x_wconf 85' lang='lat' dir='ltr'>ad</span> <span class='ocrx_word' id='word_1_226' title='bbox 1326 4210 1464 4276; x_wconf 82' lang='lat' dir='ltr'>interne·</span> 
     </span>
     <span class='ocr_line' id='line_1_30' title="bbox 347 4336 1467 4421; baseline -0.007 -12"><span class='ocrx_word' id='word_1_227' title='bbox 347 4347 468 4410; x_wconf 88' lang='lat' dir='ltr'>cionem</span> <span class='ocrx_word' id='word_1_228' title='bbox 500 4346 654 4410; x_wconf 86' lang='lat' dir='ltr'>adducere</span> <span class='ocrx_word' id='word_1_229' title='bbox 691 4344 906 4408; x_wconf 87' lang='lat' dir='ltr'>constituisset</span> <span class='ocrx_word' id='word_1_230' title='bbox 942 4359 1111 4421; x_wconf 88' lang='lat' dir='ltr'>omnesque</span> <span class='ocrx_word' id='word_1_231' title='bbox 1148 4336 1297 4401; x_wconf 86' lang='lat' dir='ltr'>caelestes</span> <span class='ocrx_word' id='word_1_232' title='bbox 1334 4339 1467 4402; x_wconf 88' lang='lat' dir='ltr'>horrore</span> 
     </span>
    </p>
   </div>
   <div class='ocr_carea' id='block_1_10' title="bbox 346 4462 1465 4558">
    <p class='ocr_par' dir='ltr' id='par_1_10' title="bbox 346 4462 1465 4558">
     <span class='ocr_line' id='line_1_31' title="bbox 346 4462 1465 4558; baseline -0.01 -23"><span class='ocrx_word' id='word_1_233' title='bbox 346 4475 495 4554; x_wconf 87' lang='lat' dir='ltr'>metuque</span> <span class='ocrx_word' id='word_1_234' title='bbox 527 4469 661 4534; x_wconf 87' lang='lat' dir='ltr'>confecti</span> <span class='ocrx_word' id='word_1_235' title='bbox 690 4492 777 4558; x_wconf 87' lang='lat' dir='ltr'>eum</span> <span class='ocrx_word' id='word_1_236' title='bbox 797 4467 1000 4532; x_wconf 85' lang='lat' dir='ltr'>circumstent</span> <span class='ocrx_word' id='word_1_237' title='bbox 1027 4484 1066 4528; x_wconf 85' lang='lat' dir='ltr'>ex</span> <span class='ocrx_word' id='word_1_238' title='bbox 1093 4484 1130 4528; x_wconf 91' lang='lat' dir='ltr'>eo</span> <span class='ocrx_word' id='word_1_239' title='bbox 1159 4467 1357 4548; x_wconf 86' lang='lat' dir='ltr'>quaerentes,</span> <span class='ocrx_word' id='word_1_240' title='bbox 1389 4462 1465 4544; x_wconf 87' lang='lat' dir='ltr'>quid</span> 
     </span>
    </p>
   </div>
   <div class='ocr_carea' id='block_1_11' title="bbox 0 0 1705 5159">
    <p class='ocr_par' dir='ltr' id='par_1_11' title="bbox 0 0 1705 5159">
     <span class='ocr_line' id='line_1_32' title="bbox 0 0 1705 5159; baseline 0 0"><span class='ocrx_word' id='word_1_241' title='bbox 0 0 1705 5159; x_wconf 95' lang='lat' dir='ltr'> </span> 
     </span>
    </p>
   </div>
  </div>
 </body>
</html>
