3400 5159
676 406 899 462 ,55-

224 583 369 646 t'utur'nm
406 580 460 658 sit,
497 579 619 642 animos
657 585 764 642 eorum
797 576 986 660 tranquillat
1017 575 1209 658 trepidantes
1241 573 1348 658 eisque

225 728 343 771 novum
366 726 466 789 genus
489 702 663 787 promittit.
692 702 779 767 Idem
802 700 1015 765 reminiscitur
1035 700 1347 784 aliquandoomuem

227 831 310 911 hunc
337 829 490 894 mundum
518 827 629 892 ardore
657 826 905 912 deflagraturum
932 824 965 888 in
992 825 1067 890 fetis
1095 824 1249 909 scriptum
1273 846 1347 901 esse,

224 964 291 1038 qua
320 955 359 1018 de
391 975 484 1018 causa
513 952 685 1036 Cyclopum
713 952 783 1016 'tela
813 949 940 1033 reponit
972 953 1003 1014 et
1034 950 1216 1015 mortalium
1248 971 1348 1035 genus

223 1078 422 1162 flagitiosum
446 1083 478 1141 et
499 1078 633 1162 impium
655 1077 747 1141 undis
770 1076 901 1159 perdere
925 1075 1071 1140 decernit.

316 1201 464 1286 Juppiter
486 1202 612 1285 genitor
634 1204 682 1265 est
705 1201 876 1282 divumque
898 1198 1127 1281 hominumque
1146 1220 1270 1282 parens,
1295 1198 1350 1283 qui

224 1328 266 1390 de
288 1330 378 1389 vasto
402 1325 537 1409 Olympo
566 1329 598 1390 et
625 1325 769 1390 homines
798 1328 831 1389 et
848 1324 929 1388 >deos
951 1324 1043 1407 regit.
1089 1322 1217 1387 Potenti
1240 1322 1350 1386 dextra

223 1450 361 1516 fulmina
383 1450 482 1515 mittit
505 1455 538 1515 et
553 1450 706 1533 Gigantes
730 1449 860 1513 deorum
881 1451 1149 1531 contemplatores
1164 1447 1349 1531 perfrangit.

222 1575 301 1639 Jovi
333 1574 468 1638 subiecti
501 1578 574 1636 sunt
601 1573 732 1635 numina
758 1572 878 1636 rustica
905 1572 1076 1654 nymphae,
1108 1570 1210 1648 fauni,
1242 1569 1350 1653 satyri,

228 1696 480 1780 monticolaeque
517 1695 651 1774 Silvani,
688 1695 822 1760 subiecti
854 1699 930 1759 sunt
962 1695 991 1759 ei
1019 1699 1050 1759 et
1078 1694 1135 1773 dii,
1167 1694 1223 1778 qui
1250 1693 1350 1757 altum

225 1821 372 1886 incolunt
394 1820 566 1904 Olympum
590 1825 621 1884 et
643 1819 825 1904 Neptunus,
858 1794 965 1904 pelagi
992 1841 1048 1883 rex
1077 1824 1109 1884 et
1132 1817 1263 1897 Pluton,
1295 1839 1350 1881 rex

225 1946 349 2010 tartari.
395 1944 493 2009 ludex
516 1948 564 2008 est
586 1944 737 2028 luppiter
759 1944 952 2021 caelestium,
977 1944 1032 2028 qui
1055 1943 1094 2007 ad
1118 1941 1351 2028 eumnveniunt,

227 2074 264 2134 ut
288 2069 496 2156 dissensiones
521 2089 630 2133 eorum
653 2069 820 2154 iurgiaque
843 2073 1022 2153 componat.
1062 2067 1140 2132 Cum
1161 2089 1198 2131 eo
1215 2067 1259 2131 dii
1275 2088 1350 2150 que-

225 2199 341 2258 runtur
356 2215 452 2277 seque
467 2193 533 2286 eius
549 2193 900 2258 senteutiae'subiciuut
914 2193 1051 2258 libenter
1067 2198 1098 2257 et
1114 2191 1351 2256 modestissime.

224 2317 380 2383 Contione
404 2320 578 2384 convocata
600 2341 655 2383 rex
679 2340 829 2401 superum
851 2319 1011 2383 neminem
1032 2317 1165 2400 quaerit,
1188 2317 1264 2400 quid
1280 2338 1350 2379 sen·

223 2442 300 2516 tiat3
323 2464 404 2504 unus
428 2463 534 2504 secum
557 2442 682 2505 volutat
705 2447 737 2504 et
759 2443 827 2523 ipse
850 2463 969 2524 poenas
992 2441 1159 2505 hominum
1180 2440 1350 2504 sceleribus

225 2564 401 2629 const‘tuit.

317 2687 355 2752 ln
391 2693 481 2753 vesto
517 2687 655 2772 'Olympo
694 2691 777 2752 tecta
815 2692 891 2753 sunt
928 2688 1039 2772 Magni
1071 2688 1262 2752 Tonantis.
1285 2686 1351 2751 Iter
1449 2769 1453 2774 .
1566 2709 1568 2711 ’

224 2813 377 2891 sublime,
405 2812 492 2877 caelu
508 2834 630 2888 ‚sereno
658 2813 862 2878 manifestum
891 2817 923 2877 et
949 2813 1090 2877 notabile
1116 2813 1186 2896 ipso
1215 2812 1351 2876 candore

224 2938 266 3001 ad
299 2939 440 3021 regalem
473 2939 601 3001 domum
635 2937 729 3003 ducit.
774 2911 896 3003 Ilextra
925 2943 956 3002 et
984 2939 1075 3030 laeva
1103 2938 1233 3012 deorum
1260 2936 1349 3001 nobi*

226 3060 308 3121 lium
339 3061 420 3123 atria
452 3065 548 3137 sunt,
572 3061 626 3142 qui
659 3061 692 3123 in
723 3083 937 3127 marmoreum
968 3085 1126 3127 recessum
1160 3063 1350 3127 conveniunt

225 3183 268 3246 ad
291 3183 468 3256 concilium.
514 3184 562 3247 De
590 3182 702 3247 altiore
730 3205 767 3248 ac
790 3184 920 3254 celsiore
943 3185 1015 3249 loco
1039 3191 1071 3250 et
1094 3186 1203 3249 enixus
1227 3190 1349 3268 sceptro

224 3308 365 3372 eburneo
389 3329 529 3372 summus
554 3308 682 3372 deorum
706 3312 810 3372 rector
833 3309 952 3373 salutet
976 3330 1058 3387 suos,
1082 3310 1251 3374 caesariem
1275 3332 1349 3374 con·

224 3432 307 3494 cirtit
329 3432 498 3495 terrificam
520 3437 630 3515 terque
654 3437 842 3517 quaterque:
866 3438 1035 3499 moventur
1057 3437 1090 3498 et
1112 3438 1196 3498 terra
1217 3438 1248 3498 et
1263 3456 1349 3498 mare

226 3559 260 3617 et
287 3554 398 3617 sidera.
444 3555 567 3618 Annuit
594 3558 649 3619 uni
678 3559 783 3622 esuis
806 3564 838 3622 et
861 3563 940 3623 nutu
965 3566 1194 3643 conquassatur
1216 3563 1349 3643 uterque

224 3678 321 3761 polus
350 3678 491 3761 caelique
519 3679 658 3761 pondera
690 3681 788 3744 sensit
815 3682 916 3746 Atlas.
967 3683 1088 3747 Dextra
1121 3706 1177 3747 sue
1209 3683 1348 3747 triculois

224 3801 356 3887 ignibus
384 3808 506 3866 armata
534 3824 621 3867 arces
652 3807 807 3887 temperat
829 3806 986 3869 aetherias
1010 3812 1042 3871 et
1064 3807 1216 3871 triformis
1240 3807 1349 3870 muudi

224 3930 352 4012 regne'..
383 3928 516 3992 Tonitru
547 3933 577 3991 et
605 3928 731 4013 fulgure
758 3934 857 3994 terret
883 3930 992 3994 orbem
1020 3931 1220 4016 nubibusque
1249 3933 1348 3995 caecis

225 4070 301 4112 aera
325 4052 448 4116 occulit.
495 4052 542 4116 De
576 4074 700 4116 summa
729 4051 859 4138 Olympi
887 4076 956 4118 arce
984 4055 1119 4119 terribili
1146 4055 1255 4118 dextra
1280 4056 1349 4119 fera

224 4174 325 4238 iactat
348 4174 504 4241 fulmina..
528 4177 647 4242 Parens
671 4182 766 4261 atque
789 4185 894 4244 rector
917 4180 1080 4243 homiuum
1099 4180 1202 4262 patria
1218 4180 1348 4244 caritate

227 4298 410 4362 mortalium
433 4301 528 4366 saluti
552 4303 698 4368 consulit.
736 4302 874 4367 Nefariis
897 4304 1130 4387 terrigenarum
1152 4303 1347 4369 facinoribus
1393 4316 1395 4320 ’

224 4421 361 4508 ingemit
388 4429 419 4488 et
447 4446 517 4489 cum
540 4425 707 4492 Phaethon
735 4429 767 4493 in
796 4429 895 4512 patris
924 4450 1016 4492 curru
1044 4433 1144 4493 terras
1169 4434 1201 4492 et
1222 4433 1346 4494 montes
