3400 5159
831 426 1051 485 -30-

379 604 416 664 ut
443 621 516 664 cum
544 619 581 665 eo
609 604 792 682 querantur.
841 599 956 685 Iurgia
983 622 1092 665 eorum
1120 604 1152 665 et
1178 601 1388 668 dissensiones
1416 626 1502 669 com·

379 726 476 809 ponit.
522 724 596 790 Met
612 723 653 789 V.
675 731 737 790 510
753 747 822 810 sqq.
846 724 940 791 Ceres
963 748 1035 792 cnm
1058 748 1095 791 eo
1119 727 1322 811 conqueritur
1352 728 1452 793 filiam
1482 752 1503 794 a

379 848 515 914 Plutone
538 853 671 931 raptam.
717 847 813 914 (iuius
837 850 963 914 decreto
988 850 1062 916 Met.
1079 849 1117 916 V.
1135 858 1284 916 564-71
1310 851 1500 934 Proserpina

379 996 433 1039 sex
457 994 579 1038 menses
602 995 673 1038 cunr
697 978 807 1053 matre,
830 974 964 1039 totidem
988 997 1060 1040 cum
1076 977 1210 1063 coniuge
1225 977 1267 1041 sit
1282 976 1375 1043 Ceres
1391 982 1501 1042 tacens

379 1077 585 1181 obtemperat.
631 1099 727 1163 Laeta
750 1099 826 1164 deae
849 1098 939 1163 frons
962 1105 1024 1176 est;
1045 1122 1108 1164 non
1132 1103 1263 1186 ignorat
1276 1101 1367 1167 Iovis
1382 1124 1500 1167 numen

378 1223 579 1306 omnipotens
596 1224 726 1307 eiusque
743 1223 964 1287 auctoritatem
980 1223 1047 1287 sine
1063 1227 1289 1307 provocatione
1305 1248 1382 1293 esse.
1413 1225 1501 1291 Idem

378 1347 412 1411 F.
428 1346 484 1412 IV.
502 1353 574 1413 587.
585 1369 653 1431 sqq.

288 1481 359 1549 §18
467 1473 560 1557 318.
606 1473 691 1568 Deos
719 1477 826 1536 autem
854 1472 1049 1537 immortales
1076 1471 1242 1537 inferiores
1263 1471 1417 1557 Iovisque
1440 1474 1499 1537 im·

377 1597 466 1680 perio
490 1598 648 1663 subiectos
671 1619 739 1662 esse
762 1596 907 1682 intellegi
929 1601 1033 1679 potest
1053 1596 1148 1662 etiam
1164 1619 1203 1661 ex
1219 1617 1265 1677 eo,
1288 1599 1375 1680 quod
1391 1618 1500 1662 omnes

377 1722 443 1787 iere
467 1725 517 1789 dei
539 1724 655 1807 partim
679 1725 793 1789 fratres
817 1728 849 1788 et
872 1744 1004 1807 sorores,
1027 1725 1143 1807 partim
1167 1724 1234 1789 eius
1257 1725 1350 1789 liberi
1373 1726 1446 1789 sint.

378 1974 452 2039 Met.
462 1972 503 2039 Il.
515 1981 578 2038 685
595 1963 629 2040 F.
640 1974 676 2038 V.
690 1982 808 2039 86-8.
846 1974 991 2039 Bacchus
1015 1997 1054 2038 ex
1070 1975 1192 2040 Semele
1208 1974 1282 2040 Met.
1292 1974 1348 2040 Ill.
1360 1982 1499 2060 260sqq.

377 2099 427 2163 Ex
458 2098 584 2162 lunone
615 2099 706 2162 Hebe
738 2099 813 2162 Met.
832 2098 887 2162 IX.
905 2105 969 2163 400
1003 2105 1035 2162 et
1066 2099 1228 2163 Vulcanus
1262 2099 1336 2163 Met.
1353 2099 1408 2163 IV.
1429 2106 1500 2163 173.

378 2224 520 2289 Minerva
543 2223 577 2289 F.
593 2222 651 2287 Ill·
667 2229 729 2287 841
757 2224 795 2287 de
819 2223 932 2306 capitis
955 2223 1080 2306 paterni
1103 2224 1218 2287 vertice
1234 2244 1306 2287 cum
1323 2223 1424 2307 clipeo
1441 2244 1499 2286 suo

377 2350 560 2433 prosiluisse
582 2350 691 2414 fertur.
737 2348 825 2412 Idem
849 2348 883 2412 F.
900 2346 940 2412 V.
957 2353 1018 2412 231
1045 2369 1113 2432 sqq.
1142 2348 1267 2413 stride
1289 2346 1365 2412 Met.
1381 2346 1437 2413 Vl.
1457 2353 1495 2412 51

378 2481 410 2541 et
437 2475 513 2540 Met.
528 2474 583 2543 lV.
601 2481 674 2540 709.
720 2474 854 2539 Perseus
883 2495 921 2538 ex
949 2474 1059 2538 Danae
1086 2472 1162 2537 Met.
1176 2472 1233 2538 IV.
1251 2478 1322 2537 160.
1369 2472 1497 2538 Proser·

377 2603 452 2687 pina
475 2625 514 2666 ex
536 2600 648 2667 Cerere
671 2600 746 2665 Met.
762 2599 802 2666 V.
820 2605 884 2664 514
909 2604 941 2664 et
964 2598 997 2663 F.
1013 2597 1069 2663 IV.
1088 2606 1160 2663 587.
1196 2599 1248 2663 Ex
1271 2598 1382 2664 Cerere
1405 2599 1500 2664 etiam

378 2728 491 2793 Plutus
528 2728 594 2793 Ibis
633 2733 707 2794 417.
762 2726 917 2790 Hercules
951 2748 988 2789 ex
1021 2726 1174 2788 Alcmene
1207 2724 1281 2787 Met.
1302 2722 1370 2788 XV.
1394 2730 1434 2787 12
1470 2730 1502 2787 et

378 2853 452 2917 Met.
468 2851 522 2916 IX.
539 2858 613 2916 220.
643 2850 752 2914 Venus
775 2849 851 2911 Met.
867 2846 953 2910 XIV.
971 2853 1033 2909 595
1052 2850 1084 2908 et
1098 2845 1174 2908 Met.
1182 2844 1252 2908 XV.
1264 2851 1337 2908 808.
1375 2845 1416 2909 H.
1428 2844 1499 2909 VII.

379 2983 433 3040 6οε
457 2975 541 3039 unda
564 2972 758 3058 Cytheriacis
782 2972 866 3036 edita
889 2971 990 3034 fertur
1012 2969 1103 3053 aquis
1127 2975 1158 3034 et
1181 2970 1215 3035 F.
1231 2967 1285 3034 IV.
1303 2976 1343 3034 62
1367 2973 1399 3034 et
1415 2975 1457 3034 93
1482 2992 1499 3034 e

377 3122 464 3165 mare
486 3105 561 3165 nata
584 3120 651 3163 esse
675 3097 797 3162 dicitur.
829 3096 916 3160 Mars
931 3095 1007 3160 Met.
1016 3093 1102 3159 XIV.
1114 3100 1177 3160 808
1194 3095 1307 3160 Jovem
1323 3095 1500 3180 genitorem

1664 1228 1666 1296 l

1664 1327 1666 1396 l

466 1848 557 1914 Joris
584 1849 676 1914 liberi
704 1855 791 1915 sunt:
820 1850 996 1914 Mercurius
1020 1872 1058 1913 ex
1081 1850 1183 1915 Maria
1206 1851 1281 1916 Met.
1297 1849 1336 1915 II.
1356 1857 1500 1924 743—43

377 3227 552 3312 alloquitur
575 3248 646 3290 cum
670 3224 704 3290 F.
721 3224 760 3289 V.
779 3230 841 3288 245
854 3245 922 3306 sqq.
950 3222 1036 3286 Mars
1060 3221 1127 3285 sine
1150 3221 1282 3304 coniuge
1306 3241 1344 3284 ex
1364 3218 1501 3284 Iunonis

377 3358 467 3419 utero
494 3352 635 3436 nympha
658 3350 764 3416 Chlori
796 3349 924 3412 iuvante
953 3346 1081 3408 oriatur.
1126 3341 1245 3426 Apollo
1274 3348 1306 3407 et
1329 3342 1432 3406 Diana
1460 3365 1499 3408 ex

310 3507 314 3514 ⁴
377 3478 498 3542 Latona
521 3476 594 3541 Met.
611 3476 634 3539 I.
653 3480 714 3539 517
741 3479 773 3537 et
795 3472 870 3535 Met.
889 3469 941 3534 VI.
960 3475 1023 3533 206
1034 3490 1102 3551 sqq.
1148 3468 1259 3533 Musae
1286 3468 1361 3534 Met.
1381 3468 1417 3533 V.
1434 3476 1498 3534 255

377 3601 538 3685 Apollinis
561 3621 684 3665 sorores
708 3597 916 3683 appellantur.

465 3726 606 3810 Nepotes
621 3724 712 3789 Iovis
735 3727 809 3787 sunt
824 3721 1043 3805 Aesculapius,
1059 3721 1219 3805 Apollinis
1242 3721 1327 3786 filius
1343 3720 1417 3783 Met.
1426 3718 1498 3781 XV.

379 3858 451 3918 638.
498 3851 628 3936 Cupido,
651 3848 785 3914 Veneris
809 3848 895 3912 filius
919 3847 993 3912 Met.
1010 3846 1048 3912 V.
1066 3853 1129 3911 372
1154 3847 1257 3921 Lares,
1273 3840 1423 3907 Mercurii
1439 3840 1498 3903 filii

377 4001 415 4041 ex
438 3977 579 4062 nympha
601 3975 681 4039 Lara
704 3973 739 4040 F.
757 3972 795 4038 Π.
814 3978 887 4038 615.

466 4102 561 4167 Titan
584 4099 750 4185 Hyperion
772 4102 864 4183 peter
888 4103 936 4162 est
955 4097 1039 4163 Solis
1063 4097 1136 4161 Met.
1145 4092 1277 4157 IV.192
1302 4094 1334 4153 et
1354 4089 1500 4156 Aurorae

377 4228 452 4293 Met.
468 4226 538 4293 XV.
555 4231 617 4291 191
658 4225 713 4309 qui
744 4224 809 4289 iam
841 4246 878 4288 ea
910 4224 948 4287 de
980 4242 1074 4287 causa
1105 4239 1169 4282 non
1201 4216 1306 4280 solum
1338 4216 1411 4281 Jovi
1443 4217 1498 4282 sed

377 4354 473 4418 etiam
506 4352 576 4417 aliis
604 4351 728 4437 magnis
757 4351 823 4415 deis
853 4347 987 4413 subiecti
1015 4347 1096 4409 sunt.
1142 4340 1230 4406 Circe
1253 4340 1336 4407 Solis
1359 4343 1500 4407 filia'est

377 4477 453 4542 Met.
468 4477 555 4542 XIV.
573 4483 624 4542 33.
