3400 5159
824 400 1044 464 ,46-

421 576 457 662 b)
482 577 625 641 fatiferus
650 607 690 631 =
715 576 816 641 fatum
840 577 952 641 ferens.

302 772 307 784 ,
420 741 424 747 -
479 701 518 766 Α.
534 701 591 767 III.
607 702 657 766 ΕΙ.
674 700 728 767 Ill.
746 708 785 765 27
810 702 937 766 fatifero
960 724 1042 767 ense.

480 826 544 891 Pro
571 827 663 891 fatali
691 827 756 890 sive
784 826 911 893 fatifero
940 829 1093 910 scriptum
1120 829 1272 913 legimus:
1304 829 1380 894 Met.
1401 830 1496 897 XIII.
1606 855 1608 858 ·

481 958 543 1015 392
573 951 702 1016 letalem
730 939 844 1015 ensem.
896 949 949 1015 IX.
973 958 1050 1016 213:
1078 952 1191 1016 feralia
1219 954 1303 1017 dona
1328 954 1399 1020 XII.
1418 963 1495 1020 606:

479 1074 603 1139 letifera
630 1074 752 1157 spicula
778 1074 854 1169 Met.
875 1075 930 1141 IX.
952 1082 1029 1141 166:
1057 1076 1215 1142 letiferam
1243 1083 1361 1143 vestem
1385 1079 1425 1144 H.
1442 1079 1495 1145 IX.

465 1204 558 1263 141:
581 1198 706 1263 letifero
727 1199 836 1264 Eveno
860 1200 895 1264 F.
912 1200 935 1264 l.
953 1206 1030 1277 123;
1058 1200 1184 1266 letifero
1208 1202 1363 1287 sanguine
1387 1203 1423 1269 T.
1439 1203 1495 1268 III.

479 1324 529 1388 El.
545 1322 600 1388 III.
618 1330 673 1388 81:
697 1324 809 1390 feralia
832 1347 971 1389 numera.
1080 1309 1082 1311 .

427 1448 456 1533 a)
480 1448 636 1513 faticanus
662 1475 701 1505 τ’.
726 1450 829 1514 fatum
854 1471 976 1514 canens.

482 1574 553 1639 Met.
570 1574 623 1638 IX.
642 1580 719 1640 418:
746 1626 753 1640 .
777 1627 783 1639 .
809 1627 814 1639 .
840 1627 846 1640 .
870 1574 1010 1639 faticano
1034 1568 1157 1639 venturi
1182 1576 1325 1660 praescia
1348 1576 1429 1640 dixit

660 1687 662 1692 ’
698 1760 700 1763 ,
747 1721 800 1764 ore
822 1689 960 1764 Themis.

422 1794 458 1909 d)
478 1823 627 1887 faticinus
651 1824 733 1888 idern
758 1828 854 1908 atque
877 1824 1044 1889 faticanus.

474 1948 555 2012 mes.
571 1947 642 2011 XV.
659 1955 736 2013 436:
760 1948 917 2013 solicanae
940 1954 1049 2013 sortes.

429 2073 459 2157 e)
483 2073 630 2137 fatidicus
655 2103 695 2129 =
720 2073 823 2138 fatum
847 2074 953 2138 dicens
1042 2167 1044 2172 y

482 2196 688 2261 Meclssals
706 2197 844 2262 Tiresias
860 2203 955 2261 vates.
979 2198 1168 2263 Mentem:
1185 2197 1313 2261 Themis
1330 2195 1496 2262 ullam:

484 2322 603 2405 Apollo
632 2322 665 2386 F.
682 2321 720 2390 V.
739 2330 816 2387 626:
843 2326 950 2387 utrum
977 2322 1098 2406 Apollo
1127 2344 1168 2386 an
1194 2321 1344 2404 Iuppiter
1370 2325 1497 2405 petatur

427 2473 430 2480 ·
483 2447 515 2509 in
540 2446 636 2511 dubio
660 2450 715 2511 est.

283 2582 357 2653 §26
411 2602 413 2608 r
465 2573 558 2655 §26.
604 2571 653 2635 fas
682 2572 819 2637 eiusdem
847 2572 956 2655 stirpis
984 2574 1078 2655 atque
1106 2571 1206 2637 fatum
1236 2575 1268 2635 et
1290 2592 1416 2636 sensum
1439 2570 1498 2634 fati

376 2701 407 2760 et
430 2696 493 2759 vim
516 2695 671 2779 perhibet.

483 2820 523 2885 H.
538 2819 625 2885 XIII.
642 2827 696 2885 71:
720 2821 747 2884 si
763 2822 872 2883 cadere
888 2819 1042 2902 Argolico
1058 2819 1108 2882 fas
1124 2822 1172 2881 est
1187 2818 1246 2882 sub
1262 2817 1363 2881 milite
1378 2816 1497 2881 Troum

482 2944 524 3008 H.
540 2944 580 3011 V.
598 2952 655 3008 40:
678 2996 685 3008 .
711 2994 717 3007 .
742 2996 748 3008 .
772 2994 779 3008 .
804 2942 947 3006 constitit
970 2963 1037 3006 esse
1060 2941 1158 3007 nefas.

466 3068 620 3134 Omnibus
644 3072 750 3133 autem
774 3067 906 3151 reliquis
934 3067 1012 3131 locis
1036 3066 1191 3131 fasidem
1215 3070 1311 3149 atque
1334 3067 1382 3129 ius
1406 3065 1499 3129 valet.

388 3183 389 3192 ἵ
464 3193 535 3259 NB.
558 3193 733 3258 Notatione
762 3191 941 3278 dignissimi
969 3196 1043 3256 sunt
1072 3192 1168 3254 etiam
1197 3191 1265 3254 loci·
1282 3190 1397 3272 quibus
1422 3190 1500 3253 duae

376 3316 435 3381 fati
462 3317 708 3401 significationes
740 3341 803 3382 una
834 3316 1037 3380 inveniuntur
1068 3315 1101 3376 in
1125 3313 1296 3395 eodemque
1329 3334 1421 3375 versu
1448 3311 1499 3374 vel

357 3414 539 3505 enuntiato
563 3442 720 3525 leguntur.

465 3565 559 3629 -Met
575 3564 645 3630 XV.
663 3571 740 3628 494:
765 3617 770 3629 .
795 3614 801 3628 .
826 3613 832 3625 .
858 3614 864 3626 .
888 3584 991 3646 neque
1015 3561 1098 3624 enim
1122 3561 1251 3626 fortuna
1274 3562 1432 3645 querenda

639 3693 641 3699 ‘
767 3688 835 3752 sola
850 3691 905 3752 tua
921 3692 976 3751 est.
993 3686 1111 3751 slmiles
1127 3687 1261 3751 allorum
1271 3687 1391 3768 respice
1401 3706 1500 3748 casus.

467 3813 503 3878 ld
527 3819 586 3878 est:
614 3814 741 3877 fortuna
765 3817 834 3891 tua,
862 3833 930 3876 sors
952 3811 1012 3875 tibi
1035 3835 1054 3875 a
1077 3811 1143 3875 deis
1167 3811 1320 3874 destituta
1342 3806 1500 3890 querenda

378 3961 442 4002 non
476 3944 535 4016 est,
571 3938 691 4021 respice
724 3937 818 4001 etiam
853 3958 957 4014 casus,
994 3935 1192 3999 calamitates
1225 3932 1387 4013 malaque,
1419 3953 1500 4014 quae

379 4045 575 4127 immorans
600 4063 670 4127 aus
694 4063 834 4127 matun.

487 4186 715 4252 1111111111.
729 4194 782 4251 15:
804 4209 862 4252 nec
880 4209 985 4251 casum
1002 4185 1130 4248 fortuna
1145 4181 1222 4245 meis
1238 4180 1397 4244 inmiscuit
1413 4180 1500 4244 actia.

470 4313 620 4391 Fortuna,
637 4313 714 4376 levis
729 4315 825 4395 atque
834 4310 984 4375 volubilis
1000 4310 1058 4371 dea
1074 4305 1278 4385 nonfurtum,
1294 4327 1358 4368 non
1373 4326 1500 4368 caecum

381 4458 489 4500 casum
511 4437 671 4500 inmiscuit
695 4437 781 4500 actis.
827 4435 946 4498 Eodem
971 4452 1066 4494 sensu
1089 4430 1123 4494 T.
1140 4430 1181 4494 V.
1196 4430 1244 4494 El.
1261 4427 1330 4493 XII.
1350 4436 1377 4495 5.
