3400 5159
757 416 954 472 ..5-

384 591 490 657 Etiam
512 590 628 668 forma,
655 589 688 652 in
712 610 809 671 quam
832 584 883 650 dei
905 586 1092 666 transeunt,
1111 606 1130 646 a
1154 604 1227 648 vera
1249 581 1428 645 hominum

295 721 350 781 aut
387 715 572 780 animalium
608 714 711 778 forma
743 698 857 806 differt.
911 710 986 774 Met.
1012 706 1080 772 XV.
1106 713 1167 771 661
1206 704 1414 787 Aesculapius

295 841 448 925 serpentis
471 841 585 905 faciem
607 839 749 903 induitur
1469 835 1472 842 '

425 1015 433 1030 .
457 1019 463 1032 .
489 1018 495 1031 .
520 1018 527 1032 .
550 966 605 1031 sed
627 965 729 1030 maior
752 985 805 1028 ero
830 961 963 1048 [inquil]
987 965 1157 1042 tantusque
1179 957 1308 1021 videbor
1403 939 1405 942 ¹

426 1092 459 1155 in
483 1095 635 1179 quantum
659 1089 775 1153 debent
798 1085 946 1151 caelestia
969 1105 1101 1169 corpora
1124 1083 1213 1160 verti,

295 1217 378 1280 idem
403 1221 480 1280 693:
514 1213 776 1311 .3..numinis
799 1212 857 1276 illa

426 1340 523 1404 sensit
546 1361 634 1416 onus,
656 1360 765 1421 pressa
788 1342 898 1419 estque
921 1335 971 1399 dei
993 1334 1150 1419 gravitate
1173 1331 1287 1396 carina.

385 1455 503 1549 Magno
536 1486 607 1528 cum
640 1485 746 1527 amore
779 1462 811 1526 di
842 1462 981 1543 deaeque
1005 1479 1101 1523 anum
1129 1457 1292 1521 simulant:
1330 1453 1416 1518 duno

296 1591 371 1655 Met.
395 1589 451 1654 III.
476 1595 555 1667 275,
582 1592 618 1652 ut
650 1587 793 1651 Semelen
816 1586 958 1669 frangat;
989 1583 1095 1646 Pallas
1128 1581 1203 1646 Met.
1227 1580 1281 1644 VI.
1307 1586 1347 1664 26
1381 1585 1418 1644 ut

299 1712 465 1778 Arachnen
489 1734 507 1775 a
535 1710 705 1775 certamine
727 1708 904 1791 prohibeat.
950 1705 1178 1771 Delectationis
1202 1709 1308 1768 autem
1330 1703 1417 1785 pleni

299 1842 372 1902 sunt
394 1836 470 1915 loci,
498 1835 613 1918 quibus
636 1834 696 1897 viri
719 1856 814 1899 anum
843 1832 1008 1910 simulant,
1039 1830 1087 1898 ita
1110 1828 1165 1894 Sol
1189 1828 1265 1893 Met.
1280 1827 1335 1893 IV.
1352 1832 1416 1893 219

298 1963 330 2025 in
347 1962 545 2044 Eurynomes
560 1959 674 2024 faciem
689 1958 858 2042 genetricis
875 1957 1015 2038 vertitur,
1031 1954 1178 2018 Phoebus
1193 1953 1269 2018 Met.
1279 1952 1333 2018 XI.
1345 1959 1419 2031 310,

298 2086 493 2150 Vertumnus
508 2085 583 2150 Met.
597 2082 682 2149 XIV.
699 2090 773 2162 656,
796 2083 852 2166 qui
868 2083 962 2146 etiam
978 2082 1091 2146 faciem
1106 2080 1248 2145 induitur
1263 2078 1419 2157 messoris,

298 2210 500 2288 fraudatoris,
521 2210 658 2293 vitisque
681 2209 847 2293 putatoris,
870 2206 990 2285 militis,
1013 2206 1181 2290 piscatoris
1197 2205 1332 2287 denique
1347 2207 1419 2286 apte

298 2336 331 2398 in
355 2357 463 2399 omnes
486 2335 565 2419 fingi
587 2339 693 2417 potest
715 2335 844 2417 figuras.

389 2458 544 2522 Omnibus
555 2458 602 2521 dis
618 2459 799 2542 deabusque
814 2458 948 2521 facultas
964 2457 1038 2521 data
1054 2461 1101 2520 001
1116 2456 1254 2520 diversas
1270 2454 1420 2518 induendi

299 2581 417 2646 formas
441 2581 579 2665 exceptis
602 2581 705 2645 solum
723 2579 834 2645 Somni
856 2581 930 2645 filiis
946 2580 1109 2663 Morpheq
1133 2579 1227 2656 Icelo,
1249 2578 1419 2652 Phantaso,

218 2690 222 2697 ¹
300 2706 355 2789 qui
378 2705 410 2770 in
431 2706 535 2770 nullas
554 2706 674 2770 formas
690 2706 751 2770 nisi
767 2709 869 2770 certas
885 2710 917 2769 et
932 2709 1112 2769 constantes
1127 2703 1261 2767 transire
1276 2706 1419 2786 possunt.

299 2830 373 2894 Met.
389 2828 444 2894 XI.
462 2836 526 2893 634
536 2852 605 2913 sqq.
628 2830 779 2913 legimus:

427 2955 557 3019 Excitat
580 2954 731 3019 artificem
755 2954 1034 3047 simulatoremque
1057 2953 1180 3038 figurae

403 3060 589 3162 Morphea.
636 3078 712 3143 Non
734 3079 791 3143 1110
814 3080 918 3144 iussos
941 3078 1101 3143 sollertius
1126 3079 1207 3142 alter

430 3203 577 3287 exprimit
598 3204 738 3267 incessus
760 3204 947 3287 vultumque
970 3223 1145 3285 sonumque
1168 3201 1329 3284 loquendi:

430 3327 525 3393 adicit
548 3333 581 3393 et
603 3333 706 3393 vestes
730 3333 762 3392 et
784 3326 1024 3393 consuetissima
1047 3326 1161 3409 cuique

428 3445 532 3518 verba.
578 3452 640 3517 sed
662 3454 715 3517 hic
738 3453 822 3518 00100
845 3452 990 3517 homines
1012 3452 1164 3534 imitatur,
1190 3456 1223 3514 at
1246 3451 1326 3515 altor

428 3576 466 3638 fit
488 3576 566 3655 fera,
588 3577 626 3640 fit
648 3577 794 3656 volucris,
816 3578 854 3641 fit
876 3578 974 3661 longo
1000 3597 1130 3660 corpore
1154 3597 1291 3660 serpens,

428 3698 513 3763 hunc
535 3698 641 3764 Icelon
664 3703 778 3785 superi,
801 3702 935 3767 mortale
958 3700 1140 3765 Phobetora
1163 3700 1277 3784 vulgus

428 3823 580 3889 nominat.
625 3824 684 3888 Est
708 3826 802 3890 etiam
826 3826 967 3890 diuersae
988 3826 1101 3890 tertius
1125 3826 1202 3889 artis

428 3949 614 4014 Phantasos.
631 3948 1420 4034 llleinhumumsaxumqueundamquetrabemque

428 4096 572 4158 quaeque
595 4079 708 4138 vacant
731 4074 836 4138 anima
858 4075 1015 4140 fallaciter
1039 4074 1146 4138 omnia
1168 4073 1291 4137 transit.
1364 4065 1365 4068 '

390 4200 461 4282 §2-
507 4198 687 4283 Permagna
710 4202 757 4263 est
779 4203 918 4282 potestas
946 4199 1190 4274 immortalium
1222 4218 1285 4261 non
1318 4196 1421 4260 solum
1439 4208 1494 4279 §2

301 4344 334 4392 00
348 4323 444 4405 ipsos,
466 4326 521 4388 sed
536 4326 631 4390 etiam
655 4326 735 4390 alios
758 4326 791 4389 in
814 4325 972 4404 animalia,
995 4325 1131 4408 plantae,
1154 4346 1231 4388 saxa
1254 4323 1421 4410 omniaque

302 4469 384 4530 quae
407 4448 512 4512 anima
535 4456 656 4530 vacant,
679 4450 917 4516 transformant.
