3400 5159
830 365 1050 422 ...56-

381 536 580 615 incendisset,
603 536 724 600 fulmen
746 533 848 602 mittit
869 535 1053 601 inevitabile
1074 535 1108 599 in
1130 537 1336 602 temerarium
1359 538 1502 625 aurigam

382 682 517 746 eumque
548 661 587 726 de
618 660 697 726 rotis
729 659 832 725 deicit.
876 660 955 725 Post
986 659 1197 726 Phaethontis
1228 661 1331 727 fatum
1362 664 1505 730 humana

381 785 441 851 sub
472 785 611 869 imagine
642 790 742 850 terras
774 783 1002 868 hominumque
1033 783 1159 849 labores
1195 787 1354 871 perspicit,
1409 786 1503 864 Quod

382 914 565 993 corruptum
596 908 712 989 reficit,
743 909 847 974 fontes
875 914 909 975 et
933 908 1065 974 flumina
1091 910 1244 990 restituit,
1276 912 1331 976 dat
1357 912 1503 997 gramina

380 1039 497 1114 terrae,
525 1034 691 1100 arboribus
718 1034 847 1100 frondes
874 1034 1039 1119 laesasque
1066 1035 1163 1099 silvas
1189 1035 1377 1101 revirescere
1404 1037 1501 1101 iubet.

470 1159 530 1224 Dei
553 1159 620 1225 fato
644 1159 779 1224 subiecti
801 1164 884 1224 sunt
929 1158 1049 1243 Apollo
1073 1159 1181 1245 magni
1203 1160 1289 1226 iussa
1311 1160 1411 1239 doris,
1433 1162 1502 1227 fata

382 1281 528 1349 Chironis
555 1283 639 1349 filiae
667 1283 845 1370 Ocyrrhoes
876 1284 1052 1348 rescindere
1083 1305 1147 1349 non
1173 1287 1285 1367 potest.
1335 1285 1418 1364 Soli,
1445 1290 1502 1370 qui

381 1409 592 1475 Leucotheam
619 1408 653 1473 in
676 1409 776 1474 vitam
802 1430 950 1474 revocare
973 1409 1057 1487 vult,
1082 1407 1185 1473 fatum
1212 1409 1327 1474 obstat
1372 1408 1502 1475 Proser·

381 1534 489 1618 pinam
504 1533 596 1599 Ceres
620 1556 657 1598 ex
672 1540 794 1600 tartaro
810 1535 941 1599 educere
955 1556 1020 1598 non
1034 1538 1153 1617 potest;
1176 1532 1319 1599 Cererem
1336 1540 1367 1600 et
1381 1535 1505 1599 Famen
1637 1551 1638 1554 ’

382 1658 465 1724 coire
487 1659 555 1725 fata
578 1682 643 1726 non
666 1659 784 1725 sinunt.
828 1658 1033 1744 Nequiquam
1048 1658 1157 1725 Venus
1181 1666 1311 1726 cunctos
1334 1661 1409 1725 deos
1432 1665 1508 1725 orat.

381 1787 477 1867 atque
500 1785 653 1862 obsecrat,
675 1789 713 1849 ut
726 1785 854 1850 Aeneae
868 1753 970 1849 iatum
985 1785 1157 1850 retardent:
1180 1807 1273 1850 nemo
1289 1773 1355 1850 iata
1368 1788 1505 1849 ventura

382 1908 505 1974 vincere
528 1912 642 1992 potest.
672 1908 820 1993 luppiter
842 1931 924 1974 unus
948 1912 996 1974 est
1014 1909 1054 1974 ad
1069 1930 1164 1994 quem
1180 1931 1289 1973 omnes
1305 1907 1506 1994 confugiunt„

383 2033 462 2098 Cum
485 2033 692 2098 Phaethontis
715 2056 825 2099 currus
848 2035 958 2100 orbem
979 2039 1136 2100 terrarum
1164 2034 1401 2111 inflammasset,
1430 2056 1506 2098 cum.
1555 2053 1558 2058 ·

382 2162 487 2222 aestus
510 2158 650 2223 fervidus
673 2158 787 2238 fontes,
811 2180 918 2223 amnes
942 2159 1129 2224 exciccasset
1147 2158 1307 2242 silvasque
1323 2159 1506 2236 exussisset,

382 2281 492 2347 Tellus
520 2283 660 2348 horroris
688 2285 783 2369 plena
806 2306 825 2348 a
847 2283 929 2348 Jove
951 2260 1044 2369 petit,
1072 2284 1283 2349 otmundum
1306 2283 1345 2347 ab
1368 2283 1503 2348 interitu

382 2412 494 2472 servet.
526 2406 588 2484 Qui
610 2429 703 2491 opem
726 2407 797 2488 fert,
817 2408 1052 2474 Phaethontem
1075 2409 1113 2473 de
1133 2430 1228 2473 curru
1243 2408 1337 2473 deicit
1352 2412 1384 2472 et
1398 2407 1504 2471 fatum

382 2532 536 2616 prohibet.

416 2700 418 2704 .
471 2657 619 2742 Juppiter
647 2658 702 2722 dat
729 2657 913 2722 homiuibus
936 2663 968 2722 et
996 2657 1061 2722 deis
1090 2658 1177 2741 leges
1200 2657 1234 2720 in
1257 2657 1374 2721 tabulis
1398 2656 1508 2720 aeneis

382 2783 549 2868 inscriptas
572 2805 742 2868 earumque
765 2784 911 2848 custodes
931 2781 1047 2846 Parcas
1068 2781 1227 2864 imposuit.
1266 2779 1354 2857 Quae
1377 2780 1502 2842 decreta

383 2907 608 2991 insuperabilia
630 2912 703 2973 sunt
727 2928 870 2992 quaeque
893 2906 1056 2970 continent
1077 2904 1195 2969 nemini
1218 2904 1274 2969 uni
1297 2926 1335 2968 ex
1355 2901 1508 2968 omuibus

383 3031 571 3097 mortalibus
594 3037 626 3097 et
649 3033 714 3098 deis
737 3037 813 3097 note
835 3036 918 3097 suut.
963 3028 1113 3113 luppiter
1137 3028 1193 3114 qui
1215 3029 1274 3093 has
1297 3029 1384 3112 leges
1408 3026 1502 3103 dedit,

384 3179 490 3221 earum
523 3160 609 3221 tutor
633 3162 681 3222 est
704 3156 883 3222 acerrimus.
938 3154 1053 3220 Ferrea
1085 3158 1158 3219 sunt
1191 3154 1281 3238 genti
1313 3151 1441 3217 mortali
1463 3131 1511 3215 'et

384 3283 572 3348 caelestibus
595 3284 719 3348 decreta
742 3282 854 3367 Magni
877 3282 1030 3348 Tonantis
1054 3286 1086 3346 et
1109 3303 1179 3346 cum
1197 3279 1404 3362 Aesculapius
1426 3277 1509 3341 fatis.

274 3447 277 3451 ι
384 3408 491 3472 invitis
507 3407 674 3492 Hippolito
698 3407 797 3472 vitam
819 3406 1014 3487 reddidisset,
1038 3405 1238 3487 omnipotens
1257 3403 1392 3468 fulmine
1407 3401 1510 3466 misso

385 3553 456 3596 eum
479 3532 641 3618 perfregit.
