3400 5159
816 415 1038 473 ..32-

369 607 457 651 suam
479 584 557 651 fecit
579 585 737 651 Iunonem
761 590 793 650 et
816 607 855 649 ex
878 606 916 650 ea
938 584 1070 669 aliisque
1093 586 1327 653 immortalibus
1350 595 1382 654 et
1404 612 1488 655 mor·

370 710 488 776 talibus
511 715 632 776 eeteros
655 710 730 775 deos
754 710 891 794 deasque
913 710 1097 793 procreavit.

460 834 530 901 NB.
554 834 669 899 Divina
691 835 782 900 Iovis
805 841 920 900 natura
941 837 1134 922 seiungenda
1157 840 1204 901 est
1223 837 1262 901 ab
1277 835 1424 917 humana
1447 838 1488 900 ab

370 959 515 1024 omnibus
532 959 616 1024 vitiis
632 960 853 1044 erroribusque
868 960 1041 1039 hominum,
1063 961 1178 1045 quibus
1193 961 1316 1045 antiqui
1330 982 1486 1026 summum

369 1086 499 1149 deornm
523 1085 687 1151 ornabant.
733 1084 805 1150 Huc
827 1085 987 1167 pertinent
1009 1091 1170 1152 sescentae
1185 1086 1322 1167 fabulae,
1343 1086 1400 1151 ubi
1414 1085 1488 1168 Jup-

370 1210 452 1293 piter
474 1209 597 1293 puellas
624 1209 719 1287 ludit,
747 1210 802 1275 ubi
828 1210 1010 1293 inopInatus
1039 1215 1072 1275 et
1097 1211 1288 1294 improvisus
1316 1212 1491 1295 aconiuge

370 1356 431 1398 sna.
459 1334 715 1419 deprehenditur3
747 1334 810 1399 huc
843 1335 939 1399 etiam
971 1335 1070 1400 refert
1102 1335 1135 1400 F.
1156 1334 1195 1400 Il.
1219 1342 1394 1399 588—610
1428 1357 1490 1417 quo

370 1458 482 1523 Larem
507 1480 578 1522 eum
601 1458 797 1542 prodituram
819 1459 955 1543 ignorat.

850 1694 1011 1702 ————-

791 1886 835 1998 O.
878 1887 1072 2001 Fatum.

463 2205 516 2269 Ad
539 2204 780 2289 significandam
803 2204 864 2269 fati
887 2204 951 2268 vim
976 2205 1099 2268 diversa
1121 2212 1313 2286 usurpantur
1332 2201 1494 2267 vocabula

285 2341 356 2422 §19
463 2330 482 2413 ξ
508 2334 558 2393 19.
604 2327 680 2393 Sors
703 2327 798 2413 [sere.
822 2327 956 2414 sertum]
982 2350 1002 2393 a
1023 2328 1121 2392 verbo
1144 2327 1296 2392 sortiendi
1312 2348 1382 2392 earn
1397 2326 1490 2411 signi·

376 2455 556 2520 ficationem
578 2454 756 2519 naturalem
779 2459 812 2538 et
834 2453 1044 2538 principalem
1066 2453 1191 2519 retinet.

483 2581 559 2645 Met.
575 2578 661 2645 XIV.
679 2586 756 2645 251:
780 2585 865 2645 sorte
897 2604 1005 2647 sumus
1037 2579 1125 2659 lecti,
1157 2602 1224 2645 sors
1256 2602 1307 2644 me
1338 2580 1498 2663 fidumque

968 2706 972 2714 ’
1372 2704 1498 2766 Politen

779 2830 1059 2911 Eurylochumque
1083 2828 1206 2890 simul.
1231 2878 1237 2892 .
1262 2878 1269 2890 .
1293 2877 1300 2891 .
1324 2826 1418 2889 misit.

378 2953 498 3018 Eodem
518 2973 609 3015 sensu
626 2951 701 3014 Met.
721 2950 755 3013 V.
773 2956 850 3027 3183
875 2949 963 3014 VIII.
982 2955 1110 3015 iro-1
1135 2948 1221 3014 Xlll.
1239 2955 1294 3027 883
1319 2956 1397 3026 2423
1422 2954 1499 3022 277;

774 3081 835 3140 485
862 3075 901 3141 A.
917 3075 955 3141 Α.
972 3075 995 3142 Ι.
1014 3082 1086 3142 581.

429 3202 464 3289 b)
482 3202 625 3283 oracula,
649 3201 740 3286 dieta,
763 3201 849 3266 iussa
874 3203 1004 3268 deornm
1029 3204 1218 3287 significans.

488 3329 564 3393 Met.
580 3327 604 3394 I.
622 3333 700 3406 3813
723 3332 812 3393 mota
836 3329 894 3391 dea
918 3333 974 3405 est,
998 3332 1118 3390 sortem
1141 3327 1234 3390 dedit.

489 3452 574 3517 Idem
592 3452 667 3516 Met.
677 3451 731 3516 IV.
743 3458 805 3514 642
818 3449 889 3537 [bis]
900 3451 937 3515 X
951 3456 1012 3513 567
1029 3449 1084 3513 XI.
1097 3455 1160 3514 412
1177 3448 1262 3517 Xlll.
1275 3456 1337 3515 184
1347 3449 1418 3515 XV.
1429 3456 1503 3527 4363

491 3584 568 3654 6323
594 3581 672 3652 6473
694 3573 728 3638 F.
744 3572 784 3638 H.
802 3579 865 3638 713
890 3572 924 3639 F.
940 3572 997 3639 ΙΙΙ.
1015 3580 1079 3639 804
1101 3575 1135 3641 F.
1151 3574 1205 3641 lV.
1224 3582 1286 3642 197
1304 3576 1503 3643 H.Xlll.93.

490 3701 594 3767 Etiam
619 3700 654 3768 F.
669 3700 726 3766 Ill.
743 3707 805 3764 855
830 3721 889 3782 pro
914 3722 976 3783 quo
1002 3707 1065 3765 860
1089 3703 1174 3767 iussa
1197 3703 1352 3767 scribitur.

492 3827 566 3892 Sors
590 3830 622 3891 et
644 3826 771 3891 oracula
794 3826 919 3909 saepius
942 3849 1005 3890 una
1027 3827 1237 3892 inveniuntur.

492 3952 566 4017 Met.
583 3951 606 4018 I.
624 3957 702 4016 389:
725 3950 822 4015 verba
845 3951 937 4017 datae
966 3953 1060 4016 sortis
1088 3973 1195 4016 secum
1221 3950 1304 4012 inter
1331 3969 1427 4031 seque
1449 3969 1504 4012 vo·

724 4076 829 4142 lutant

494 4224 566 4267 cnm
588 4200 662 4266 Met.
678 4199 701 4266 I.
719 4207 782 4266 392
807 4204 845 4266 de
869 4202 980 4267 iisdem
1003 4200 1097 4264 rebus
1121 4198 1256 4262 dicatur:

807 4378 813 4391 .
838 4378 845 4391 .
870 4378 877 4392 .
901 4379 908 4393 .
931 4326 1054 4390 nullum
1077 4323 1125 4387 fas
1150 4323 1280 4388 oracula
1302 4324 1442 4389 suadent.

494 4452 582 4518 Idem
602 4454 677 4519 Met.
693 4453 717 4520 l.
735 4460 812 4518 321:
914 4450 1043 4515 Themis
1060 4470 1140 4533 quae
1156 4454 1232 4514 tunc
1249 4451 1356 4515 oracla
1371 4450 1507 4515 tenebat.
