3400 5159
746 460 969 517 ..52-

296 631 449 715 scriptum
477 630 632 696 videmus:
660 653 711 695 me
739 651 865 715 quoque
892 631 959 695 fata
985 633 1122 715 regunt?
1150 631 1212 709 Qui
1235 631 1325 698 loeus
1348 654 1418 698 mea
1455 599 1457 603 Ι

296 756 424 840 quidem
447 753 604 820 sententia
626 757 687 820 1100
710 755 804 820 modo
829 755 1082 839 interpretandus
1106 760 1163 822 est

385 878 436 944 Ex
459 878 533 943 Met.
549 877 573 944 Ι.
590 884 746 963 351sqq.;
773 877 813 944 Π.
835 885 1003 956 638-79;
1030 878 1070 943 11.
1091 885 1266 945 299-306
1294 886 1419 947 constat

297 1027 399 1088 neque
422 1003 560 1069 dubitari
581 1008 688 1088 potest

407 1127 442 1193 1⁰
463 1129 566 1194 fatum
589 1128 672 1192 idem
695 1132 790 1211 atque
812 1126 905 1192 Jovis
927 1126 1014 1193 iussa
1036 1127 1108 1193 sint.

406 1252 442 1319 2⁰
463 1254 564 1319 fatum
580 1252 729 1338 Juppiter
743 1252 879 1318 retinere
892 1257 988 1338 atque
997 1251 1276 1339 probiberepossit
1286 1276 1418 1339 eamque

465 1378 506 1442 ob
529 1400 596 1441 rem
618 1378 651 1441 id
674 1376 707 1441 in
726 1376 793 1442 eius
816 1382 973 1460 potestate
995 1378 1045 1443 sit.

386 1501 534 1587 Juppiter
556 1526 576 1566 a
599 1524 662 1587 quo
686 1523 807 1567 errores
831 1507 864 1567 et
886 1503 1050 1568 hominnm
1073 1503 1151 1568 vitia
1166 1525 1230 1568 non
1245 1503 1417 1568 abhorrent

298 1625 516 1715 [§.18.NB.]
542 1627 652 1691 orbem
679 1631 836 1691 terrarum
863 1632 896 1692 et
923 1626 1096 1713 Olympum
1127 1650 1184 1712 per
1206 1628 1419 1705 ambitionem,
1512 1637 1520 1651 ⁹

260 1835 263 1840 ι
296 1752 447 1836 opinione
469 1750 696 1834 praeiudicata,
724 1752 851 1836 qualem
873 1757 1026 1837 punctum
1049 1753 1201 1836 temporis
1225 1757 1257 1817 et
1279 1773 1418 1816 momen-

297 1880 366 1940 tum
389 1875 502 1960 gignit,
524 1896 635 1961 regere
656 1880 772 1959 posset,
795 1876 850 1940 sed
870 1881 907 1941 ut
929 1876 1112 1941 hominibus
1129 1877 1256 1962 deisque
1272 1880 1420 1962 regnaret

296 2001 418 2067 iustitia
441 2001 586 2067 absoluta
609 2023 645 2065 ac
666 2000 801 2084 simplici
816 2001 1014 2080 necessitate,
1036 2002 1203 2067 hominum
1218 2002 1294 2080 fata,
1317 2006 1419 2067 sortes

298 2126 331 2190 in
358 2126 478 2190 tubulis
505 2125 664 2210 inscripsit
691 2125 820 2209 deisque
847 2125 934 2210 leges
962 2148 1074 2191 aeneas
1103 2126 1201 2205 dedit,
1234 2148 1313 2209 quas
1338 2125 1418 2189 nihil

297 2272 402 2335 neque
425 2250 593 2335 quisquam
615 2272 760 2333 rumpere
786 2254 900 2334 potest.
947 2250 1074 2315 Reduco
1102 2250 1205 2314 solum
1232 2249 1267 2312 in
1288 2247 1418 2313 lectoris

295 2374 437 2440 animum

404 2499 479 2565 Met.
495 2498 581 2565 XIV.
599 2505 676 2565 785:
700 2551 707 2565 .
731 2549 738 2564 .
763 2552 769 2565 .
793 2550 801 2566 .
824 2521 927 2585 neque
956 2499 1039 2564 enim
1061 2499 1136 2564 licet
1158 2499 1248 2564 irrita
1271 2498 1419 2581 cuiqnam

697 2623 783 2688 facta
807 2623 858 2688 dei
879 2623 991 2688 fecisse
1015 2625 1087 2700 de0;
1110 2628 1143 2688 et

404 2750 478 2816 Met.
494 2749 549 2815 ΙΙΙ.
567 2757 640 2831 336,
664 2771 727 2834 quo
754 2749 903 2833 Juppiter
930 2749 1070 2814 Tiresiae
1103 2750 1266 2814 oculorum
1297 2747 1418 2812 lumina

662 2876 791 2939 reddere
814 2877 932 2956 posset,
954 2875 1009 2940 sed

663 3046 672 3063 .
696 3050 703 3064 .
727 3051 734 3065 .
758 3051 765 3064 .
788 2998 966 3063 rescindere
989 3020 1140 3083 umquam

664 3125 711 3189 dis
734 3124 811 3190 licet
833 3129 905 3189 acta
928 3125 1029 3201 deum,

297 3253 330 3315 et
352 3270 409 3332 pro
432 3249 551 3314 lumine
574 3249 721 3333 adempto
744 3248 823 3313 scire
846 3249 955 3313 futura
978 3247 1073 3311 dedit.

388 3354 527 3451 Quarum
542 3374 650 3459 legum
666 3395 834 3438 aenearum
849 3372 994 3436 custodes
1010 3374 1042 3433 et
1052 3370 1289 3432 conservatores
1302 3365 1418 3429 Parcas

298 3499 443 3583 imponit,
467 3520 547 3581 quae
570 3498 654 3563 filiae
678 3492 905 3578 omnipotentis
929 3497 960 3557 et
974 3490 1133 3568 Justitiae,
1156 3490 1301 3574 integrae
1317 3488 1418 3553 omni·

298 3645 361 3709 que
383 3623 555 3708 largitione
569 3620 753 3698 resistentis,
776 3642 815 3686 ex
830 3617 921 3683 nullo
936 3615 1118 3701 pendebant
1133 3613 1310 3698 quibusque
1326 3633 1419 3677 nemo

298 3748 339 3813 ad
362 3748 422 3813 boc
444 3748 546 3832 magis
567 3749 698 3813 idoneus
722 3750 797 3811 erat.
827 3742 979 3828 Juppiter
1002 3746 1109 3805 autem
1132 3744 1168 3805 ut
1189 3743 1295 3804 rector
1317 3737 1418 3803 homi·

299 3895 438 3958 numque
461 3874 617 3957 deumque
640 3873 682 3937 sit
705 3872 844 3955 optimus
868 3873 964 3953 atque
985 3864 1243 3951 perfectissimus,
1266 3885 1305 3928 ne
1321 3861 1420 3927 animi

298 3999 515 4081 concitatione,
532 3997 704 4082 cupiditati,
719 3996 898 4077 temeritati,
916 3993 1025 4079 quales
1036 3991 1420 4075 saepepraesenstempus

298 4124 414 4209 gignit,
436 4146 469 4188 se
492 4123 664 4208 indulgeat,
688 4143 721 4185 se
744 4121 848 4204 ipsum
871 4118 910 4183 iis
931 4117 1036 4182 aeneis
1051 4114 1177 4200 legibus
1193 4111 1314 4192 subicit,
1339 4132 1420 4196 quae
1446 4186 1448 4188 ,

299 4272 338 4314 ea
361 4249 399 4313 de
422 4270 456 4312 re
479 4270 551 4312 cum
575 4272 593 4313 a
616 4245 805 4311 mortalibus
828 4248 897 4308 tum
921 4265 940 4307 a
963 4237 1150 4305 caelestibus
1174 4258 1345 4313 summum,
1372 4237 1419 4299 in·

216 4398 219 4403 ·
268 4397 274 4404 ··
300 4373 441 4438 flexibile
464 4378 560 4457 atque
582 4370 795 4454 insuperabile
818 4368 984 4433 habentur.

390 4498 483 4562 Nunc
514 4501 709 4561 revertamur
741 4494 781 4558 ad
813 4493 889 4557 Met.
914 4488 1064 4554 1X‚432.
1119 4486 1191 4552 Hoc
1221 4486 1292 4550 loco
1324 4484 1420 4550 Jolao
