3400 5159
717 455 940 537 „13-

268 637 453 709 excesserat,
470 631 617 698 ferociter
632 630 716 694 inter
731 650 764 693 se
780 627 901 692 bellum
917 631 1033 712 gerunt
1049 626 1160 690 seviro
1176 624 1253 691 forti
1268 627 1390 688 creatos

267 781 335 828 esse
357 757 603 824 reminiscentes.

358 887 376 969 ᾗ
402 892 429 949 6.
477 883 559 948 Sunt
582 881 677 946 etiam
700 879 776 959 loci,
808 900 847 943 ex
874 878 988 962 quibus
1017 878 1218 960 perspicuum
1241 879 1289 940 est
1316 869 1463 951 deos'dt

268 1011 330 1075 sibi
361 1006 531 1072 carissimis
559 1005 732 1071 attribuere
759 1003 943 1068 facultatem
975 1003 1009 1067 in
1042 1002 1181 1066 diversas
1208 999 1392 1064 transeundi

269 1134 394 1218 figuras.
434 1131 510 1197 Met.
525 1130 580 1196 XI.
598 1135 661 1195 100
672 1152 741 1214 sqq.
756 1104 911 1193 Bacchus·
923 1127 1038 1206 Midae,
1057 1127 1118 1210 ⁴qui
1134 1125 1276 1191 Silenum
1298 1124 1391 1189 tectis

269 1266 301 1324 et
316 1259 442 1324 sedibus
458 1262 624 1342 acceperat
646 1258 835 1340 potestatem
860 1254 914 1317 dat
934 1252 1050 1331 omnia,
1075 1274 1156 1335 quae
1169 1250 1291 1342 tangit,
1314 1270 1391 1313 auro

267 1383 418 1450 mutandi.
464 1382 635 1467 Neptunus
658 1380 734 1444 Met.
750 1379 821 1444 XII.
840 1384 970 1443 aso—8
996 1377 1250 1461 Periclymenum
1267 1376 1391 1460 >figuras

267 1531 391 1575 sumere
422 1530 516 1591 posse
548 1530 627 1590 quas
660 1506 756 1570 vellet
789 1506 917 1570 dederat
955 1506 987 1568 et
1025 1507 1166 1585 sumptas
1204 1523 1312 1566 rursus
1344 1522 1392 1564 re-

266 1654 393 1716 ponere.
444 1631 530 1695 Idem
563 1629 732 1713 Neptunus
764 1630 839 1693 Met.
861 1627 948 1692 VIII.
970 1634 1034 1692 850
1050 1649 1118 1711 sqq.
1150 1626 1393 1710 Erysichthonis

268 1758 362 1836 filiae,
386 1778 467 1840 quae
489 1777 574 1820 nunc
598 1777 679 1839 equa
701 1776 786 1819 nunc
809 1755 884 1829 alea,
908 1754 1003 1818 modo
1027 1740 1086 1818 bos
1106 1753 1201 1817 modo
1218 1774 1309 1816 cerva
1324 1752 1394 1815 fieri

269 1885 403 1966 poterat.
441 1871 443 1874 ¹

358 2006 466 2071 Etiam
489 2006 700 2071 veneficarum
722 2005 883 2089 potentiae
911 2006 955 2070 dii
985 2010 1129 2070 auctores
1152 2007 1235 2068 sunt.
1281 2003 1393 2067 Medea

237 2203 241 2212 ,
269 2131 344 2196 Met.
362 2130 431 2198 VII.
450 2137 639 2197 rsa-198:

376 2255 460 2335 Nox,
484 2255 539 2346 ait,
563 2256 685 2320 arcanis
708 2256 870 2335 fidissima,
893 2278 1036 2340 quaeque
1060 2254 1179 2319 diurnis

346 2360 351 2369 .
377 2402 472 2444 aurea
496 2401 568 2443 cum
591 2380 666 2443 luna
690 2381 856 2444 succeditis
879 2381 1018 2465 ignibus,
1042 2382 1135 2457 astra,

377 2505 476 2585 tuque
499 2502 616 2585 triceps
638 2502 768 2580 Hecate,
791 2525 872 2587 quae
896 2505 1016 2586 coeptis
1040 2504 1165 2567 conscia
1188 2503 1304 2568 nostris

379 2626 517 2690 adiutrix
540 2626 628 2690 venis
652 2630 826 2711 cautusque
849 2631 996 2712 artesque
1019 2648 1187 2711 magorum

378 2772 521 2835 quaeque
559 2773 683 2836 magos,
722 2752 845 2832 Tellus,
887 2753 1081 2836 pollentibus
1118 2754 1248 2817 instruis
1287 2754 1393 2818 herbis

378 2898 535 2960 auraeque
559 2881 591 2940 et
612 2877 699 2940 venti
723 2882 910 2961 montesque
934 2900 1104 2963 amnesque
1127 2879 1278 2963 lacusque

379 3001 476 3083 dique
497 3023 606 3065 omnes
629 3023 802 3080 nemorum,
826 3003 921 3088 dique
945 3025 1054 3068 omnes
1077 3004 1179 3084 noctis
1203 3005 1318 3070 adeste.
1361 3045 1363 3048 v

361 3122 449 3188 Circe
473 3146 599 3208 quoque
623 3146 816 3208 quamquam
837 3128 895 3190 dea
918 3131 966 3191 est
990 3127 1153 3210 multaque
1171 3129 1265 3208 valet,
1288 3134 1394 3194 tamen

271 3251 346 3317 Met.
365 3250 450 3317 XIV.
472 3258 536 3316 404
570 3256 695 3317 noctem
731 3252 897 3336 noctisque
935 3253 1010 3317 deos
1041 3253 1211 3336 Ereboque
1244 3252 1404 3338 Ohaoque,

272 3381 426 3440 convocat
441 3381 474 3441 et
496 3377 603 3462 longis
623 3377 799 3442 ululatibus
815 3377 958 3442 Hecaten
982 3382 1061 3457 orat,
1085 3400 1157 3442 cum
1172 3377 1241 3442 Pici
1265 3381 1394 3468 comites

272 3499 304 3563 in
320 3501 479 3564 variarum
494 3501 634 3566 ferarum
649 3503 768 3568 formas
783 3504 1040 3585 transformabat.
1070 3504 1219 3570 Omnium
1229 3526 1395 3589 magorum

272 3624 411 3688 maxima
434 3647 453 3688 a
477 3626 636 3690 veteribus
659 3629 771 3692 Medea
793 3630 975 3712 putabatur.

380 3749 454 3813 Met.
471 3746 542 3813 VII.
560 3754 614 3813 98:
639 3749 737 3814 deson
758 3753 798 3816 ab
815 3774 852 3817 ea
868 3757 1010 3817 cantatas
1030 3752 1146 3818 herbas
1163 3756 1290 3838 accepit,
1315 3778 1394 3839 quae

426 3871 428 3874 ’
640 3896 711 3938 eum
726 3880 836 3940 contra
845 3877 935 3962 ignes
946 3879 1063 3941 bovum
1072 3878 1231 3943 inhalatos
1241 3881 1394 3946 muniunt.

381 3998 455 4064 Met.
471 3997 542 4064 Vll.
561 4004 622 4063 137
648 3999 760 4064 Medea
782 4023 907 4065 carmen
922 4003 1072 4067 auxiliare
1089 4004 1181 4081 canit,
1196 4026 1236 4068 ne
1251 4007 1396 4089 gramina

579 4128 581 4133 ’
619 4137 622 4150 '
648 4149 667 4189 a
689 4147 722 4190 se
746 4127 818 4191 data
840 4149 952 4210 parum
976 4128 1110 4192 valeant.

562 4257 624 4315 149
650 4251 780 4316 Lethaei
797 4252 939 4336 gramine
955 4254 1023 4317 suci
1039 4255 1205 4318 draconem
1221 4256 1343 4339 sparsit,
1360 4262 1396 4320 ut

648 4399 719 4440 eum
743 4377 846 4472 sopiat

564 4504 624 4563 199
650 4502 715 4565 deis
738 4524 903 4587 nemorum
922 4508 955 4568 et
969 4504 1071 4569 noetis
1087 4503 1269 4571 iuvantibus
1286 4506 1396 4572 Medea
