3400 5159
749 403 970 462 ..50-

293 576 372 641 lovi
387 577 490 641 visum
509 580 564 641 est.
596 574 771 640 Deucalion
786 574 825 638 ab
842 573 969 639 interitu
987 578 1130 641 servatus
1146 580 1216 640 erat
1230 596 1287 659 per
1295 575 1420 662 lovem,

295 722 373 785 ergo
396 700 499 765 fatum
521 698 723 765 Deucalionis
745 720 841 781 penes
864 698 976 763 Jovem
1001 702 1075 764 erat.

387 824 456 902 Qua
476 829 583 890 autem
599 823 871 909 argumentatione
887 827 1054 888 contentus
1070 845 1133 887 nou
1150 845 1183 887 es
1199 824 1278 889 adde
1294 825 1369 890 Met.
1379 825 1419 891 H.

297 955 461 1015 ose-79.
506 948 567 1015 Illo
594 949 666 1013 loco
690 947 850 1033 Ocyrrhoe
874 947 1020 1013 Chironis
1048 948 1114 1012 filia
1140 947 1279 1014 fatorum
1306 973 1418 1017 arcana

296 1074 382 1139 canit
406 1080 468 1139 639
491 1073 607 1139 infanti
628 1072 828 1155 Aesculapio.
876 1071 945 1149 Quo
968 1072 1054 1137 iacto
1078 1072 1118 1136 ab
1141 1073 1213 1136 imis
1237 1076 1419 1157 pectoribus

296 1199 457 1283 suspirans
481 1198 600 1264 addidit
624 1204 701 1263 655:
724 1197 867 1262 restabat
889 1196 1009 1280 aliquid
1025 1196 1108 1263 fatis.
1140 1196 1349 1264 Praevertunt
1369 1224 1420 1266 me

297 1323 372 1389 fata.
404 1321 475 1399 Qua
496 1324 529 1387 in
553 1343 667 1406 equam
690 1343 781 1386 versa
802 1325 895 1406 pater
919 1343 1012 1405 opem
1035 1321 1188 1405 poscebat
1203 1323 1243 1387 ab
1259 1323 1419 1407 Apolline,

297 1447 428 1526 frustra,
457 1448 541 1531 quod
568 1447 636 1531 ipse
658 1446 777 1530 Apollo
805 1446 914 1529 magni
936 1446 1021 1510 iussa
1044 1445 1135 1511 Jovis
1158 1447 1332 1512 rescindere
1355 1471 1418 1514 non

297 1576 403 1656 potest
426 1577 499 1636 678.
538 1570 607 1648 Quo
631 1572 701 1635 Ioco
725 1575 832 1655 aperte
849 1575 945 1655 atque
969 1571 1115 1636 distincte
1138 1571 1206 1637 fata
1220 1571 1311 1638 Iovis
1334 1574 1419 1639 iussa

298 1698 509 1775 nominantur,
532 1716 609 1780 ergo
632 1695 772 1761 fatorum
795 1700 906 1760 auctor
923 1694 1073 1780 luppiter
1096 1701 1152 1761 est.

298 1820 442 1905 Denique
464 1819 535 1884 vide
558 1818 633 1883 Met.
649 1818 689 1885 II.
706 1825 881 1883 299-306
905 1818 1050 1884 Phaeton
1074 1820 1174 1904 patris
1196 1821 1296 1885 curru
1311 1821 1419 1886 orbem

298 1949 454 2010 terrarum
490 1943 754 2021 inflammaverat3
793 1965 864 2008 cum
902 1943 1007 2009 fontes
1050 1967 1222 2030 amnesque
1260 1969 1419 2012 exaresce-

298 2074 370 2133 rent
393 2074 425 2133 et
447 2067 581 2132 flammis
605 2067 703 2132 silvae
726 2089 797 2132 cum
821 2068 984 2133 montibus
1013 2069 1172 2148 arderent,
1204 2070 1288 2135 alma
1311 2069 1420 2136 Tellus

299 2193 384 2257 collo
412 2196 503 2257 tenus
531 2193 619 2257 arida
641 2213 807 2276 oppressos
830 2193 938 2257 vultus
962 2193 1092 2258 sustulit
1115 2198 1147 2258 et
1169 2215 1298 2256 manum
1320 2193 1418 2257 fronti

299 2338 461 2402 opponens
483 2317 570 2382 Jovi:
595 2317 680 2401 eripe
703 2317 808 2401 inquit
829 2317 979 2397 flammis,
1002 2318 1029 2382 si
1053 2317 1128 2402 quid
1151 2316 1254 2381 adhuc
1277 2323 1418 2400 superest

300 2448 331 2508 et
353 2463 493 2507 summae
517 2464 621 2507 rerum
641 2442 779 2507 consule.
810 2443 862 2506 Ad
878 2442 962 2526 quod
977 2446 1068 2526 pater
1083 2442 1284 2526 omnipotens
1299 2442 1419 2524 superis

299 2569 467 2651 persuadet
490 2569 594 2633 omnia
616 2568 797 2653 fatogravi
820 2567 997 2647 interitura,
1019 2569 1081 2633 nisi
1104 2590 1196 2651 opem
1220 2569 1309 2632 ferat.
1340 2566 1420 2651 Jup-

212 2717 219 2728 ‘·
299 2693 381 2776 piter
408 2692 497 2756 iuvat
524 2714 680 2777 opemque
708 2692 770 2757 fert
799 2698 831 2758 et
858 2692 960 2757 fatum
991 2692 1150 2777 prohibet,
1173 2715 1250 2777 ergo
1278 2692 1338 2757 fati
1366 2692 1420 2756 do·

299 2816 402 2881 minus
426 2821 474 2881 ast
496 2816 590 2900 idque
614 2839 652 2881 ex
676 2840 713 2882 eo
736 2818 860 2902 pendet,

390 2940 482 3017 Quod
505 2941 542 3005 de
565 2941 599 3004 F.
616 2940 671 3006 III.
689 2947 818 3007 eoa-7
843 2943 964 3007 nullam
994 2939 1172 3023 eprIcandi
1201 2939 1420 3005 difficultatem

300 3065 403 3129 habet.
450 3062 525 3129 Sors
548 3065 580 3129 id
604 3068 652 3129 est
673 3067 837 3131 oraculum
866 3070 946 3145 erat,
974 3065 1059 3149 quod
1087 3065 1204 3149 partim
1232 3064 1282 3129 dei
1304 3064 1422 3148 partim

299 3190 367 3272 ipae
394 3188 541 3274 Juppicer
569 3190 631 3256 dat.
663 3190 738 3255 Jovi
769 3192 870 3276 igitur
901 3196 1013 3257 notum
1042 3214 1081 3256 ex
1109 3191 1238 3273 eiusque
1268 3190 1422 3254 sententia

301 3314 409 3378 datum
434 3319 510 3393 erat,
533 3336 608 3400 ergo
632 3337 725 3400 quem
750 3323 897 3381 eventum
922 3317 1038 3380 habeat
1053 3314 1201 3396 luppiter
1216 3334 1278 3375 non
1295 3313 1421 3395 ignorat

302 3439 393 3523 eique
416 3441 454 3503 de
477 3462 599 3504 summo
623 3442 747 3525 imperii
770 3447 871 3521 neque
895 3439 1002 3502 timori
1025 3457 1128 3520 neque
1152 3458 1244 3501 curae
1268 3444 1343 3500 erat.

211 3581 283 3652 §30
390 3565 408 3647 ᾖ
434 3571 484 3629 30.
522 3564 582 3629 His
605 3566 682 3630 Iocis
705 3587 786 3628 unus
806 3563 914 3627 obstat
929 3561 1159 3640 Meulxnan
1182 3562 1237 3626 sed
1253 3566 1422 3644 antequam

301 3689 341 3752 ad
369 3688 435 3753 eius
463 3688 524 3753 loci
551 3689 843 3772 interpretationem
872 3687 1057 3765 transimus,
1089 3708 1225 3771 paucum
1254 3686 1293 3750 de
1315 3685 1423 3750 Parcis

302 3812 467 3876 dicendum
491 3816 546 3878 est.
592 3813 771 3899 Singularis
794 3814 895 3879 Parca
919 3813 1003 3897 apud
1026 3810 1174 3876 Ovidium
1197 3810 1315 3894 legitur
1338 3808 1374 3874 Τ.
1384 3808 1423 3874 V.

302 3937 350 4002 El.
367 3935 422 4001 III.
440 3943 481 4001 14
505 3938 544 4002 A.
561 3936 599 4002 II.
616 3937 665 4002 El.
681 3937 752 4003 VII.
771 3945 813 4002 46
837 3938 878 4002 H.
894 3936 949 4002 XI.
970 3943 1045 4012 1053
1074 3936 1109 4002 T.
1125 3934 1165 4000 V.
1184 3935 1233 3998 El.
1250 3934 1288 3996 X.
1305 3941 1347 3995 45
1375 3933 1422 3994 in-

302 4062 426 4125 venitur
448 4083 563 4125 nomen
579 4061 727 4126 Lachesis
751 4069 782 4127 et
806 4062 840 4127 F.
858 4061 912 4126 VI.
932 4068 948 4125 7
954 4068 993 4125 57
1019 4059 1148 4135 Oloth03
1172 4055 1303 4137 reliquis
1319 4060 1423 4119 autem

301 4186 380 4250 locis
403 4186 537 4268 pluralis
559 4192 665 4252 restat.
698 4186 776 4252 Tres
800 4191 874 4252 sunt
897 4206 1034 4251 sorores:
1058 4184 1131 4248 Met.
1148 4179 1218 4246 XV.
1236 4185 1314 4258 8093
1339 4179 1423 4245 VIII.

303 4318 381 4386 452;
398 4309 436 4376 II.
455 4317 517 4375 655
530 4310 563 4374 F.
573 4309 629 4374 III.
642 4316 715 4393 803,
739 4333 821 4394 quae
844 4311 997 4394 impresso
1021 4306 1138 4388 pollice
1160 4304 1273 4369 fatalia
1289 4305 1425 4370 stamina

221 4438 225 4446 ’
302 4440 390 4501 nent:
414 4436 490 4500 Met.
500 4434 586 4500 VIII.
597 4442 675 4514 453;
699 4435 734 4500 T.
744 4435 786 4501 V.
802 4436 851 4500 EI.
868 4433 924 4500 III.
942 4440 996 4510 253
1014 4430 1049 4496 P.
1064 4430 1087 4496 l.
1104 4430 1162 4513 Ep.
1173 4429 1261 4496 VIII.
1274 4438 1329 4508 643
1346 4452 1426 4514 quae
