3400 5159
682 446 905 506 ..53-

233 621 428 686 iuventutem
460 619 567 683 datam
599 640 666 683 esse
697 618 815 702 legitur
847 622 879 682 et
909 617 1038 683 Themis
1070 618 1205 683 similem
1237 623 1353 684 sortem

233 744 434 810 Alcmaeonis
457 743 545 823 filiis,
568 742 728 807 Acarnani
751 745 783 807 et
804 742 1003 825 Amphotero
1026 742 1187 825 praedicit.
1233 741 1354 819 Quibus

231 869 324 933 dictis
356 890 499 932 murmur
531 868 632 933 oritur
663 867 745 932 inter
777 867 865 947 deos,
898 868 952 951 qui
984 867 1185 931 vehementer
1218 868 1255 932 de
1286 866 1354 932 fato

231 983 467 1059 carissimorum
499 1014 627 1056 suorum
660 996 834 1076 queruntur
862 994 894 1055 et
921 990 985 1055 suis
1013 1013 1139 1075 quoque
1167 992 1280 1056 amatis
1307 990 1354 1054 iu·

233 1120 396 1181 ventutem
427 1121 569 1201 poscunt.
614 1116 741 1181 Aurora
768 1115 908 1181 Tithono
941 1116 1083 1200 coniugi,
1115 1115 1207 1181 Ocres
1234 1115 1355 1196 Jasnni,

233 1242 397 1307 Vulcanus
421 1242 651 1320 Erechthonio‚
679 1239 793 1305 Venus
810 1240 979 1306 Anchisae.
1025 1241 1085 1306 His
1112 1240 1273 1325 luppiter:
1304 1263 1355 1305 me

233 1388 376 1451 quoque,
412 1367 531 1451 iuquit,
560 1366 627 1431 fata
662 1372 792 1452 regunt,
830 1388 911 1451 quae
943 1367 969 1431 si
1006 1372 1130 1431 mutare
1157 1366 1295 1448 valerem
1324 1371 1356 1431 et

231 1493 358 1582 Aeacus
390 1496 423 1556 et
449 1492 710 1556 Rhadamanthus
738 1494 770 1554 et
796 1491 902 1554 Minos
928 1496 1117 1573 perpetuum
1148 1491 1217 1554 aevi
1244 1490 1355 1555 florem

232 1617 396 1681 haberent.
442 1615 504 1679 Hic
525 1614 617 1679 Jovis
644 1614 800 1698 sapientia
827 1636 893 1678 non
916 1614 1025 1679 minus
1053 1635 1148 1698 quam
1174 1614 1297 1678 iustitia
1325 1617 1357 1678 et

232 1740 404 1805 necessitas
426 1740 599 1823 postulant,
622 1745 658 1805 ut
681 1762 789 1805 omnes
812 1739 895 1805 inter
917 1762 950 1804 se
970 1761 1062 1824 pares
1077 1740 1142 1803 sint
1155 1761 1259 1823 neque
1274 1761 1355 1804 unus

232 1866 328 1929 alteri
359 1869 507 1949 praestet.
557 1864 632 1931 Uno
664 1865 761 1930 verbo
794 1865 831 1929 de
864 1886 992 1929 suorum
1025 1865 1164 1929 filiorum
1195 1869 1356 1929 senectute

232 1992 310 2054 deos
325 1988 474 2074 luppiter
495 1991 610 2075 placat.
641 1990 759 2055 Rector
774 1988 906 2074 Olympi
927 1991 1011 2055 iuste
1027 1990 1214 2055 caelestibus
1228 1995 1356 2074 regnat3

232 2116 302 2198 ipse
335 2115 537 2199 omnipotens
569 2115 729 2181 subiectus
762 2120 810 2179 est
841 2115 996 2180 iustitiae:
1029 2137 1100 2179 eum
1132 2114 1200 2180 fata
1232 2121 1355 2199 regunt.

231 2239 330 2305 Cuius
358 2263 446 2305 meae
468 2239 642 2305 sententiae
665 2240 756 2305 testis
780 2244 828 2304 est
849 2240 1007 2325 fidemque
1029 2240 1108 2304 facit
1131 2239 1225 2304 etiam
1250 2238 1284 2304 F.
1301 2238 1355 2304 VI.

234 2371 411 2429 746-762
437 2387 499 2448 quo
522 2364 730 2449 Aesculapius
753 2364 930 2448 Hyppolito
957 2365 1032 2429 fatis
1059 2363 1180 2443 invitis,
1206 2364 1356 2428 adversus

233 2486 406 2550 Parcarum
429 2487 626 2552 voluntatem
649 2489 748 2551 vitam
777 2487 921 2552 reddidit.
965 2486 1043 2552 Cum
1068 2488 1162 2552 Pluto
1186 2491 1217 2551 et
1240 2487 1356 2553 Clotho

233 2611 326 2695 regni
349 2611 398 2676 sui
420 2611 490 2675 iura
512 2610 637 2675 minora
665 2611 733 2675 fieri
755 2634 827 2676 cum
850 2611 932 2675 Jove
956 2615 1174 2694 quererentur,
1191 2611 1217 2675 is
1240 2612 1273 2675 in
1297 2611 1355 2675 Co·

231 2728 445 2800 ronis'filium
468 2736 603 2800 fulmina
627 2735 753 2815 direxit,
778 2736 958 2818 exemplum
981 2736 1108 2801 veritus.
1146 2734 1260 2800 Paullo
1283 2739 1356 2820 post

235 2860 395 2942 Apollinis
423 2861 570 2944 precibus
598 2861 805 2926 nihilominus
833 2859 1059 2943 Aesculapium
1087 2860 1274 2924 iudeorum
1297 2882 1355 2924 nu·

233 3006 356 3048 merum
378 2986 499 3069 recipit.
546 2985 615 3061 Qua
638 3008 733 3050 exre
757 2985 906 3070 cognosci
927 2989 1043 3070 potest.

344 3105 378 3171 1⁰
401 3107 514 3171 lovem
536 3108 745 3174 iustissimum
768 3110 836 3191 pati
851 3131 916 3172 non
931 3131 1025 3192 posse
1040 3109 1213 3173 Parcarum
1230 3090 1366 3174 decreta·

401 3255 420 3296 a
443 3254 631 3317 quocunque
654 3233 787 3298 rescindi
811 3230 1048 3320 [Aesculapium
1070 3232 1181 3321 necatl.

329 3355 379 3422 ·2⁰
401 3357 477 3424 Jovi
499 3363 690 3443 potestatem
714 3380 782 3424 esse
805 3359 976 3423 maximam
1000 3362 1031 3422 et
1054 3379 1125 3422 cum
1141 3356 1272 3423 Plutoni
1287 3362 1355 3423 tum

401 3481 510 3546 Parcis
533 3484 727 3567 superiorem
752 3506 819 3548 esse
842 3481 889 3572 [Ji-
910 3505 981 3548 cum
1005 3503 1041 3547 eo
1065 3482 1261 3572 queruntur}

344 3601 379 3668 3ο
401 3603 514 3669 Jovem
548 3629 646 3670 unum
677 3607 851 3673 Parcarum
887 3606 992 3673 ferrea
1024 3608 1150 3673 decreta
1180 3608 1355 3673 rescindere

399 3751 502 3813 posse,
525 3730 618 3794 deum
641 3709 799 3813 optimum
820 3752 888 3795 esse
910 3705 1084 3795 maximum
1104 3736 1199 3815 atque
1219 3732 1354 3814 amplius

400 3853 517 3919 Parcas
539 3859 697 3938 potestate
721 3856 902 3920 antecedere
923 3853 1160 3941 [Aesculapium
1176 3857 1208 3919 in
1226 3856 1353 3919 deorum

400 4002 566 4045 numerum
589 3981 721 4063 recipitl.

714 4287 874 4294 ——.
