3400 5159
559 434 885 491 ›-47-

305 604 379 670 Met.
389 603 475 687 VIII.
487 611 548 669 411
568 606 664 669 etiam
680 606 828 683 iaculum,
844 606 928 689 quod
944 605 1042 670 Jason
1059 606 1158 671 mittit
1173 608 1206 670 in
1223 630 1334 691 aprum

216 730 309 794 vertit
340 729 406 793 fors
439 734 471 794 et
498 751 607 794 canem
634 751 692 812 pro
720 752 797 811 apro
825 730 975 813 percutit,
1008 731 1063 813 qui
1086 732 1183 795 talem
1207 733 1335 812 exitum,
1448 745 1449 748 ’

214 854 376 918 interitum
400 876 465 917 non
487 855 697 918 immeruerat.
1124 836 1127 840 ¹
1228 841 1231 844 ¹

305 978 379 1042 Met.
396 968 482 1042 XIV.
500 985 579 1043 162:
603 1030 609 1043 .
634 1028 672 1044 ..
696 1031 703 1045 .
727 980 781 1063 qni
804 982 836 1042 te
860 963 1127 1044 casusve‘deusve

601 1110 712 1183 servat,
734 1104 974 1170 Achaemenide.

216 1256 308 1299 caeco
338 1231 436 1312 casui,
465 1230 541 1295 forti
568 1231 739 1314 opponitur
763 1230 894 1294 deorum
918 1253 1047 1310 numen,
1075 1233 1129 1315 qui
1152 1234 1334 1298 mortalium

214 1359 280 1424 fata
308 1379 431 1422 summa
458 1379 528 1421 cum
556 1357 677 1420 iustitia
704 1360 827 1439 regunt.
874 1354 960 1420 Idem
989 1356 1029 1422 H.
1046 1355 1131 1421 XIII.
1150 1363 1222 1422 132.
1246 1358 1280 1422 F.
1296 1358 1335 1422 V.

214 1484 264 1548 El.
281 1482 336 1547 III.
355 1489 405 1548 13.
429 1482 463 1546 F.
480 1481 519 1546 Il.
538 1488 627 1561 782.Ι
1053 1487 1055 1490 ’

696 1747 857 1756 ——--

349 2034 402 2144 ll.
440 2015 623 2145 Fatum
661 2038 712 2144 et
749 2031 830 2145 dei
868 2039 919 2144 et
956 1979 1200 2168 luppiteu
1315 2010 1317 2013 ’

180 2335 183 2340 ⁴
244 2335 247 2338 ⁵
278 2357 398 2436 ·§27.
445 2354 560 2419 Stultis
582 2353 764 2418 hominibus
788 2375 883 2438 saepe
907 2354 1008 2417 fatum
1036 2354 1119 2416 idem
1143 2333 1237 2437 atque
1261 2354 1335 2416 deus
1355 2365 1372 2434 ς
1391 2365 1425 2419 27

216 2482 271 2541 est.
303 2477 343 2540 H.
360 2476 445 2540 XVI.
463 2483 518 2542 41:
542 2479 587 2540 sic
609 2479 729 2560 placuit
746 2478 830 2541 fatis.
867 2477 900 2540 F.
916 2476 941 2540 I.
959 2484 1022 2540 480
1047 2481 1079 2540 et
1102 2476 1135 2541 P.
1152 2476 1176 2540 Ι.
1191 2478 1250 2559 Ep.
1267 2475 1336 2541 VII.

217 2608 271 2665 56:
296 2601 341 2664 sic
364 2604 431 2664 erat
453 2602 487 2663 in
510 2600 592 2664 fatis.
639 2600 713 2663 Met.
730 2599 787 2664 Ill.
806 2606 883 2665 176:
912 2601 956 2664 sio
979 2601 1071 2668 illum
1094 2601 1161 2666 fata
1183 2600 1335 2665 ferebant.

214 2725 382 2790 Praeterea
404 2748 467 2790 una
482 2726 618 2810 legimus
633 2725 706 2791 Met.
718 2724 742 2791 I.
754 2732 830 2791 366:
852 2726 897 2789 sio
912 2725 1015 2789 visum
1030 2725 1159 2809 superis.
1190 2725 1264 2788 Met.
1280 2691 1336 2789 IV.

215 2857 292 2916 661:
317 2852 362 2915 sic
385 2851 416 2914 di
440 2851 593 2916 statuistis
617 2850 690 2916 Met.
707 2849 793 2916 XIII.
811 2857 888 2915 597:
912 2851 957 2914 sic
979 2874 1037 2916 vos
1060 2850 1205 2915 voluistis
1228 2849 1264 2913 Τ.
1281 2849 1336 2915 IV.

214 2976 263 3040 ΕΙ.
280 2974 366 3039 VIII.
386 2982 440 3052 15;
471 2977 517 3040 sic
545 2977 592 3040 dis
620 2977 723 3041 visum
751 2981 806 3041 est.
854 2976 1044 3059 Saepissime
1071 2978 1178 3040 autem
1205 2979 1238 3039 et
1268 2976 1335 3057 ple·
1380 2987 1382 2989 ’
1434 2999 1437 3004 ·
1520 3054 1522 3063 Ι

215 3122 348 3182 rumque
380 3100 430 3164 dei
461 3100 528 3164 fato
562 3105 740 3183 superstant
771 3106 803 3164 et
829 3102 974 3165 homines
1002 3102 1075 3165 deos
1103 3101 1169 3165 fato
1198 3101 1336 3183 potiores

214 3226 340 3290 habent.
389 3223 479 3302 Quod
507 3225 657 3309 cognosci
685 3247 724 3289 ex
748 3223 825 3289 locis
849 3230 968 3308 potest,
1001 3225 1113 3309 quibus
1145 3226 1336 3290 mortalesa

214 3351 336 3433 superis
352 3352 481 3435 aliquod
498 3354 620 3434 petunt.
652 3350 824 3435 Nunquam
844 3347 947 3415 satum
962 3350 1119 3429 invocant,
1144 3351 1197 3414 sed
1214 3372 1337 3433 semper

215 3495 355 3555 superos,
378 3475 453 3537 deos
476 3476 542 3538 sive
565 3476 705 3539 numina.
753 3475 827 3539 Met.
852 3475 889 3541 X.
909 3480 963 3539 13:
988 3475 1047 3538 hoc
1070 3474 1151 3558 petit
1173 3498 1192 3538 a
1215 3477 1337 3559 superis

215 3601 253 3661 A.
270 3595 293 3660 I.
314 3597 363 3661 El.
380 3597 466 3662 VIII.
489 3604 565 3662 114:
598 3600 629 3662 di
661 3601 720 3663 tibi
749 3601 823 3665 dent
850 3600 994 3666 Meth.
1013 3606 1089 3664 281:
1122 3600 1250 3665 faveant
1277 3601 1335 3664 tibi

213 3723 344 3788 numina
376 3721 451 3786 Met.
469 3721 538 3786 VII.
557 3729 633 3787 511:
666 3725 770 3808 gratia
803 3726 849 3788 dis
873 3726 949 3789 Met.
965 3724 1018 3791 Vl.
1037 3732 1114 3803 472:
1147 3747 1205 3808 pro
1229 3721 1346 3807 superi

214 3848 289 3914 Met.
305 3847 391 3914 XIII.
410 3855 486 3912 558:
511 3870 567 3932 per
590 3869 720 3930 superos
744 3850 814 3913 iuro
838 3855 871 3914 et
894 3851 1003 3915 multis
1026 3850 1097 3914 aliis
1120 3851 1207 3915 locis.

214 3971 329 4036 Fatum
338 3974 526 4037 mortalibus
536 3973 879 4038 nascentibusaParcis
890 3974 1334 4052 destituitur,Met.Vlll.450:

321 4097 424 4179 Stipes
449 4103 525 4178 erat,
548 4121 650 4182 quem,
674 4120 745 4162 cum
768 4104 879 4182 partus
903 4100 994 4163 enixa
1017 4101 1133 4164 iaceret

322 4219 476 4302 Thestias,
499 4225 532 4298 in
555 4225 715 4290 flammam
737 4224 878 4307 triplices
902 4245 1035 4307 posuere
1058 4247 1192 4289 sorores:

322 4343 526 4430 Staminaque
548 4350 701 4434 impresso
726 4348 835 4414 fatalia
857 4348 972 4431 pollice
995 4352 1114 4426 nentes,
1138 4350 1282 4414 dilerunt.

175 4519 181 4529 .
214 4490 315 4552 neque
347 4469 421 4532 ullis
449 4471 556 4549 rebus,
588 4475 677 4539 nulla
709 4476 740 4539 vi
773 4473 918 4558 derogari
952 4478 1007 4538 aut
1039 4474 1187 4558 abrogari
1219 4478 1333 4556 potest.
