3400 5159
793 428 1015 486 -48-

344 594 446 681 Atqui
472 597 622 661 mortales
650 596 752 662 iatum
780 620 873 664 suurn
900 600 1056 682 proferre,
1082 603 1254 683 producere
1276 608 1409 687 possunt
1432 609 1464 669 et

148 731 159 740 ·
236 753 238 758 ·
344 723 512 785 maturare.

339 922 343 929 ⁵
450 843 525 909 Met.
534 844 573 910 X.
585 851 640 910 30:
663 844 726 910 Per
741 844 845 911 Chaos
866 847 926 911 hoc
942 846 1054 933 ingens
1070 850 1215 933 vastique
1230 850 1357 915 silentia
1372 854 1462 936 regni

663 969 845 1054 Eurydices,
869 992 934 1055 oro,
957 980 1128 1057 properata
1145 975 1277 1040 retexite
1298 975 1372 1040 fata.

433 1090 502 1168 Qua
525 1114 559 1157 re
582 1094 836 1160 confundendum
857 1116 920 1160 non
937 1102 985 1161 est
1001 1097 1075 1164 Met
1087 1099 1157 1163 XV.
1169 1106 1307 1184 581sqq.
1325 1100 1461 1184 'Pyrrhe-

342 1237 402 1279 nae
424 1216 527 1301 gentis
550 1218 709 1301 haruspex
732 1241 804 1283 cum
820 1219 890 1303 cipi
905 1241 1022 1285 cornua
1037 1228 1212 1305 aspexerat,
1234 1246 1299 1302 rex,
1322 1224 1376 1306 ait,
1393 1225 1463 1307 eris,

342 1360 453 1421 rumpe
479 1361 597 1417 moras,
623 1344 733 1424 portas
759 1347 904 1425 patentes
932 1343 1024 1409 intra.
1070 1344 1121 1410 Sic
1148 1345 1216 1410 fata
1238 1345 1357 1411 iubent.
1405 1348 1462 1412 Cui

252 1535 262 1552 f
342 1462 438 1547 Cipus
460 1465 635 1547 respondit:

556 1588 647 1654 Talia
669 1589 832 1673 dipellant.
855 1592 1021 1676 multoque
1045 1613 1104 1675 ego
1127 1593 1239 1658 iustius
1262 1616 1373 1658 aevum

555 1715 629 1779 exul
652 1737 754 1800 agam,
777 1739 874 1800 quam
897 1739 948 1782 mc
971 1718 1098 1784 videant
1122 1717 1279 1801 Capitolia
1302 1740 1418 1804 regem.

432 1837 555 1914 Quibus
588 1840 680 1906 dictis
712 1840 855 1923 privatus
887 1864 987 1927 usque
1020 1844 1059 1907 ad
1090 1848 1227 1908 mortem
1259 1848 1349 1908 extra
1376 1843 1462 1907 urbis

341 1963 466 2026 moenia
494 1964 591 2027 vitam
619 1964 694 2049 agit.
741 1965 811 2043 Quo
840 1965 911 2031 loco
936 1967 1031 2050 Cipus
1059 1967 1126 2032 fata
1153 1967 1265 2046 flectit,
1294 1969 1378 2051 quod
1404 1968 1463 2032 fati

341 2087 555 2152 condiciones:
587 2088 621 2151 in
648 2086 759 2152 urbem
784 2091 915 2154 introire
938 2113 1003 2155 non
1028 2091 1151 2174 implet,
1176 2091 1284 2155 eadem
1308 2094 1345 2156 de
1369 2115 1464 2156 causa

224 2241 227 2248 ·
340 2211 399 2276 lati
422 2218 522 2277 sortes
546 2212 630 2276 effici
652 2233 718 2276 non
740 2219 882 2296 possunt.

430 2336 505 2401 Met.
515 2336 553 2401 X.
565 2343 628 2402 163
651 2337 771 2421 legitur
785 2337 1002 2423 Hyacinthum
1026 2338 1066 2402 ab
1083 2338 1241 2421 Apolline,
1264 2338 1291 2401 si
1307 2337 1337 2400 ei
1358 2337 1464 2403 tristia

341 2461 407 2527 fata
430 2462 568 2545 spatium
591 2462 762 2542 dedissent,
784 2463 818 2527 in
841 2463 970 2527 aethera
993 2464 1132 2547 positum
1154 2463 1194 2527 iri
1217 2467 1248 2527 at
1271 2485 1309 2529 ex
1332 2462 1407 2527 Met.
1424 2462 1462 2526 X.

210 2660 214 2669 ⁴
345 2593 417 2670 724,
440 2609 503 2670 quo
527 2588 597 2652 loco
608 2586 720 2652 Venus
744 2610 814 2652 oum
839 2589 905 2652 fato
930 2589 1080 2672 queritur,
1104 2587 1304 2673 intellegitur
1327 2592 1462 2652 mortem

342 2711 470 2795 quidam
485 2712 592 2777 Adoni
616 2714 800 2779 destitutam
824 2735 899 2791 esse,
924 2735 1005 2796 quac
1028 2718 1134 2777 autem
1150 2717 1262 2795 postea
1277 2713 1385 2776 futura
1400 2713 1464 2775 sint

342 2857 437 2919 penes
461 2834 616 2900 Venerem
639 2859 715 2901 esse.

252 2971 269 3041 θ
289 2972 323 3027 28
432 2960 449 3042 ξ
475 2964 525 3023 28.
570 2959 621 3022 Ex
644 2960 662 3042 ἓ
688 2965 716 3022 8.
740 2961 813 3023 daos
837 2959 974 3042 deasque
998 2964 1029 3022 et
1052 2963 1140 3023 vates
1159 2957 1281 3022 venturi
1304 2957 1463 3039 praescios

342 3103 410 3146 esse
434 3081 578 3146 efficitur.
617 3081 680 3147 Hic
703 3082 786 3148 dicat
809 3082 966 3167 quispiam
989 3083 1132 3148 futurum
1156 3103 1219 3146 non
1243 3082 1374 3146 eandem
1397 3102 1463 3144 rem

343 3228 438 3292 quam
470 3207 571 3271 fatum
605 3206 783 3292 significare
819 3208 904 3272 lllud
940 3207 1032 3290 parvi
1068 3207 1165 3271 refert
1197 3227 1297 3290 neque
1325 3205 1463 3269 refutare

345 3330 473 3395 difficile
497 3335 551 3395 est.
597 3330 678 3396 Sunt
705 3332 788 3395 enim
815 3353 880 3395 non
908 3330 1000 3413 pauci
1023 3329 1099 3405 loci,
1127 3328 1243 3410 quibus
1267 3326 1300 3389 di
1324 3332 1354 3390 et
1377 3331 1463 3389 vates

342 3453 409 3517 fata
437 3458 554 3517 canunt
580 3459 616 3517 ut
643 3454 684 3518 H.
699 3453 783 3518 XXI.
806 3461 869 3516 232
898 3453 972 3517 Met.
989 3450 1028 3516 ΙΙ.
1046 3457 1108 3514 639
1138 3449 1172 3514 F.
1190 3449 1244 3517 VI.
1261 3456 1324 3514 535
1353 3449 1382 3514 J.
1399 3455 1462 3513 246

343 3577 418 3643 Met.
434 3576 503 3642 XV.
522 3584 594 3641 557.
646 3576 716 3654 Qua
748 3578 785 3641 de
819 3599 913 3642 causa
943 3577 1087 3641 futurum
1119 3577 1203 3641 idem
1235 3580 1330 3661 atque
1363 3576 1463 3641 fatum

344 3701 447 3765 valere
471 3705 602 3766 constat.

433 3825 470 3890 In
493 3828 511 3910 ξ
530 3831 568 3890 11
594 3827 755 3910 potentiae
778 3828 909 3892 deorum
925 3832 1097 3911 vatumque
1113 3827 1242 3890 modum
1257 3827 1353 3907 atque
1369 3822 1463 3884 finem

344 3951 551 4035 imposuimus
575 3972 746 4035 eorumque
770 3952 994 4016 divinationem
1018 3953 1047 4016 in
1067 3951 1216 4035 exiguum
1232 3950 1463 4031 angustumque

345 4075 541 4141 deduximus.
571 4073 631 4138 lllo
655 4074 726 4139 loco
749 4075 874 4158 saepius
897 4075 1033 4160 legimus
1057 4076 1130 4138 deos
1147 4071 1202 4154 qui
1224 4070 1256 4132 in
1280 4071 1334 4154 §8
1356 4069 1464 4134 futura

344 4201 578 4284 praedixerant,
610 4199 662 4263 hic
686 4199 810 4265 venturi
837 4199 959 4264 nescios
986 4220 1060 4262 esse.
1108 4194 1177 4271 Qua
1204 4216 1242 4258 ex
1266 4216 1299 4258 re
1322 4194 1465 4277 intellegi

345 4329 450 4408 potest
473 4324 547 4388 deos
570 4323 650 4387 nihil
673 4323 736 4388 nisi
758 4324 921 4388 minimam
944 4321 1004 4386 fati
1019 4319 1206 4404 venturique
1229 4324 1351 4403 partem
1374 4339 1463 4402 prae·

344 4470 437 4512 nosse
469 4452 564 4531 atque
596 4449 816 4530 praenuntiare
849 4452 881 4511 et
913 4449 1036 4510 tantum
1068 4445 1172 4529 quoad
1204 4444 1304 4510 fatum
1332 4443 1464 4526 potitum
