3400 5159
766 455 1014 520 —14—⁴

691 627 813 691 efficere
836 632 952 711 potest,
974 633 1010 693 ut
1033 653 1140 696 amnes
1155 632 1232 717 ripis
1247 625 1439 698 mirantibus

639 726 644 733 Ι
688 752 722 815 in
754 752 860 817 fontes
893 776 967 818 suos
999 755 1142 836 redeant,
1174 757 1256 822 freta
1286 779 1439 822 concussa

690 884 774 944 stent
789 883 821 944 et
837 883 955 946 stantia
971 884 1204 962 concutiantur;
1220 885 1330 949 nubila
1344 883 1439 968 pellit

680 986 861 1089 'nubilaque
876 1006 1006 1085 inducit,
1029 1013 1141 1073 ventos
1164 1009 1266 1094 abigit
1289 1012 1320 1072 et
1335 1011 1437 1086 vocat,

688 1128 834 1221 vipereas
850 1129 958 1193 fauces
973 1131 1077 1195 verbis
1101 1136 1133 1195 et
1156 1132 1293 1196 carmine
1309 1131 1438 1215 rumpit,

688 1252 823 1335 vivaque
846 1276 923 1317 saxa
946 1258 978 1318 et
1001 1255 1096 1318 silvas
1120 1256 1227 1331 movit3
1250 1260 1439 1320 tremescere

688 1380 812 1440 montes
837 1382 869 1441 et
892 1378 996 1443 solum
1016 1379 1149 1465 mugire,
1165 1400 1335 1463 manesque
1351 1379 1436 1442 exire

688 1502 840 1583 sepulcris
879 1504 980 1583 iubet,
1023 1504 1132 1568 lunam
1169 1504 1268 1568 trahit
1305 1504 1437 1588 eiusque

687 1626 816 1690 venenis
839 1627 966 1692 Aurora
989 1629 1096 1712 pallet.
1125 1693 1127 1698 ,

420 1745 495 1811 Met.
514 1747 583 1812 Vll.
602 1754 664 1814 218
690 1753 783 1815 curru
808 1774 826 1831 a
850 1753 1039 1818 draconibus
1062 1758 1164 1818 tracto
1188 1754 1382 1838 provehitur.

600 1880 662 1938 350
687 1867 833 1956 pennatis
858 1879 1056 1961 serpentibus
1078 1879 1113 1941 in
1136 1901 1228 1942 auras
1252 1879 1327 1943 abit.

600 2004 661 2062 391
688 2001 822 2083 vipereis
845 2004 957 2083 pennis
981 2004 1133 2087 Ephyren
1157 2004 1323 2087 contingit.

599 2131 662 2187 424
687 2125 820 2208 denique
843 2126 968 2190 nebulis
987 2148 1043 2209 per
1059 2128 1198 2190 carmina
1211 2125 1307 2189 motis
1323 2126 1435 2208 effugit

687 2270 804 2313 necem.

403 2370 482 2436 Vide
508 2372 602 2436 etiam
626 2373 813 2459 Hypsipylis
842 2375 965 2441 litteras
988 2375 1099 2439 lasoui
1127 2377 1165 2439 de
1187 2375 1299 2439 Medea
1322 2374 1362 2439 H.
1379 2374 1435 2438 Vl.

314 2502 434 2580 85sqq.
481 2497 633 2562 Similiter
657 2499 744 2565 Naso
768 2500 799 2564 in
816 2501 970 2565 Amorum
994 2501 1076 2565 libro
1100 2500 1136 2565 T.
1155 2501 1204 2565 El.
1220 2499 1307 2565 Vlll.
1326 2506 1435 2564 9-14

312 2623 349 2685 de
372 2623 515 2705 potentia
538 2624 702 2704 veneficae,
726 2627 853 2690 nomine
877 2627 1001 2710 Dipsas,
1025 2627 1146 2690 scribit:

419 2747 496 2813 Cum
520 2752 630 2830 voluit,
654 2756 722 2816 toto
746 2753 966 2834 glomerantur
989 2751 1107 2829 nubila,
1131 2750 1217 2814 caelo

418 2896 489 2937 cum
512 2876 622 2958 voluit,
646 2898 726 2959 puro
751 2876 854 2960 fulget
876 2876 910 2939 in
933 2876 1009 2940 orbe
1033 2876 1107 2939 dies.

418 2999 580 3082 sanguiue,
604 3001 631 3063 si
655 3023 718 3083 qua
733 3001 829 3079 'fides
853 3001 1008 3065 stillantis
1031 3001 1134 3065 sidera
1156 3001 1233 3078 vidi,

417 3144 592 3207 purpureus
609 3124 722 3216 ⁵lamae
746 3126 900 3209 sanguine
923 3126 1030 3190 vultus
1054 3132 1128 3191 erat.

418 3247 509 3312 Hanc
532 3271 592 3333 ego
616 3255 787 3314 nocturnas
811 3273 934 3316 versam
957 3251 1091 3315 volitare
1114 3271 1171 3332 per
1193 3250 1321 3313 umbras

376 3443 379 3447 ,
418 3374 560 3457 suspicor
584 3380 616 3439 et
638 3376 748 3458 pluma
770 3398 885 3458 corpus
908 3376 992 3440 anile
1015 3375 1121 3460 tegi.*)
1195 3427 1197 3431 ,

239 3509 290 3574 §7
356 3499 374 3581 ᾗ
400 3504 428 3562 7.
471 3500 611 3563 Deorum
643 3501 701 3563 sub
735 3501 857 3564 dicione
890 3504 922 3563 et
953 3500 1084 3582 imperio
1108 3504 1221 3564 natura
1245 3504 1301 3578 est,
1334 3499 1434 3563 nubes

311 3622 438 3704 quidem
462 3625 609 3688 omnibus
630 3624 837 3688 oboedientes
862 3629 943 3691 sunt.

399 3888 425 3958 *)
449 3888 523 3943 Vide
546 3891 641 3942 autem
669 3889 706 3941 M.
721 3889 765 3943 Fr.
779 3890 885 3944 37—42
914 3907 969 3958 quo
993 3890 1066 3943 Naso
1093 3888 1165 3942 nihil
1192 3888 1248 3940 iarn
1276 3888 1371 3954 sperat
1399 3885 1433 3938 de

309 3976 409 4030 Marsis
428 3976 567 4046 cantibus,
586 3976 658 4030 nihil
679 3977 713 4030 de
732 3978 893 4046 graminum
913 3979 954 4032 vi:

469 4064 527 4119 Nec
546 4083 594 4120 vos
613 4066 797 4135 graminibus,
817 4085 868 4122 nec
887 4068 970 4122 misto
989 4066 1094 4121 credite
1112 4081 1200 4120 succo.

471 4155 527 4209 Nec
545 4159 655 4210 tentate
674 4174 775 4211 nocens
788 4157 866 4211 virus
885 4157 1006 4211 amantis
1025 4172 1120 4224 equae.

470 4244 527 4298 Nec
546 4245 654 4299 medias
673 4246 773 4300 Marsis
792 4246 938 4301 finduntur
956 4246 1085 4300 cantibus
1104 4260 1209 4313 angues

470 4334 526 4388 Nec
544 4334 635 4389 credit
653 4335 683 4389 in
701 4336 794 4390 sontes
813 4335 890 4390 unda
909 4335 1008 4405 sepina
1027 4351 1097 4389 suos.

470 4422 507 4477 Et
525 4424 652 4491 quamvis
672 4424 776 4493 aliquis
796 4425 947 4479 Temesaea
964 4423 1115 4478 removerit
1133 4439 1206 4491 asra,

470 4530 614 4581 nunquam
633 4514 713 4567 Luna
731 4513 787 4566 suis
807 4513 966 4567 excutietur
984 4513 1071 4581 equis.
