3400 5159
781 398 1003 458 ...10-

474 568 765 653 Met.11.536sqq.
789 570 877 634 aIbas
902 572 988 635 corvi
1010 594 1130 656 pennas
1153 574 1187 637 in
1209 574 1326 659 nigras.

330 668 498 777 Neptunus
520 694 595 759 Met.
612 693 923 774 X11.*1se·caenem
946 697 977 760 in
1007 697 1110 761 virum
1138 720 1294 784 superque
1318 702 1385 780 dat,
1413 726 1452 766 ne

787 821 913 886 saucius
936 822 1010 886 ullis
1031 823 1213 888 vulneribus
1235 825 1304 889 fieri
1327 825 1451 891 ferrove

787 947 971 1011 occumbere
994 949 1103 1030 possit.

326 1068 412 1133 duno
438 1069 511 1134 Mei.
528 1068 583 1134 III.
601 1076 731 1135 {suu-9
756 1069 910 1135 Tiresiam
934 1072 1043 1159 oeulis,
1059 1072 1173 1155 privat.

599 1201 662 1259 358
674 1218 742 1279 sqq.
766 1196 874 1260 thus
894 1198 1051 1280 nymphae
1067 1219 1175 1261 vocem
1191 1199 1223 1262 in
1241 1201 1451 1265 resonabiIem

674 1321 750 1385 echo
776 1321 878 1385 vertit.

317 1432 452 1507 ¹Aurora
475 1444 549 1509 Met.
567 1444 637 1510 VII.
656 1452 714 1509 721
730 1467 797 1529 sqq.
831 1445 1007 1530 Cephalum
1040 1448 1136 1517 talem
1169 1448 1287 1514 faeiem
1317 1450 1392 1526 dat.
1416 1455 1451 1514 ut
1545 1477 1547 1481 ⁴

730 1570 857 1635 Procris
882 1593 954 1635 eum
976 1593 1040 1636 non
1064 1579 1224 1657 agnoscet.
1274 1565 1276 1567 ’

325 1692 418 1759 Hebe
441 1694 516 1759 Met.
532 1694 586 1760 IX.
604 1701 668 1759 400
691 1694 780 1759 Iolao
804 1697 872 1760 seni
894 1697 1092 1761 iuvendutem
1115 1698 1225 1764 reddit.

325 1817 414 1883 Circe
431 1819 505 1883 Met.
515 1817 599 1883 XIV.
612 1827 727 1903 55sqq.
743 1819 868 1904 Scyllae
877 1822 1007 1901 femora,
1024 1844 1116 1887 crura
1129 1824 1289 1907 pedesque
1298 1824 1332 1894 iu
1348 1846 1448 1889 canes.

325 1943 436 2009 Medea
457 1944 534 2008 Mei.
551 1942 622 2010 VH.
640 1951 792 2009 285-93
818 1945 938 2010 Aesoni
962 1948 1029 2010 seni
1053 1951 1084 2011 et
1310 1950 1314 1956 ⁴

637 2076 790 2134 294-96
807 2072 955 2154 nymphis
970 2093 1051 2154 quae
1060 2071 1220 2135 Bacchum
1230 2073 1447 2168 educaverant,
1564 2127 1573 2142 .

761 2173 765 2182 ’
805 2194 1001 2259 iuventutem
1024 2195 1134 2259 reddit.

638 2324 788 2382 314-21
816 2340 907 2383 ovem
931 2319 965 2382 in
989 2341 1107 2403 egnum
1130 2319 1231 2383 vertit.

323 2442 432 2507 Pallas
456 2443 530 2508 Met.
546 2443 602 2509 IV.
621 2450 682 2508 799
693 2465 761 2527 sqq.
785 2444 965 2527 praeclaros
982 2445 1131 2509 Medusae
1155 2445 1256 2508 crines
1279 2444 1313 2508 in
1328 2445 1446 2529 hydros

242 2643 244 2647 .
323 2566 383 2631 Isis
400 2567 481 2632 Met.
497 2566 550 2633 IX.
569 2574 720 2633 786-97
745 2567 858 2652 Iphem
880 2568 914 2632 in
938 2568 1041 2632 virum
1064 2569 1277 2634 transformat.

322 2691 521 2757 Immorieles
545 2693 620 2759 Meu
637 2693 693 2759 III.
711 2700 774 2758 324
800 2694 953 2758 Tiresiam
977 2695 1009 2756 in
1033 2694 1183 2757 feminam
1205 2697 1342 2772 vertunt,
1366 2716 1447 2775 quae

250 2783 254 2790 Δ
797 2823 918 2901 septem
942 2817 1032 2880 annis
1055 2821 1129 2899 posi
1148 2816 1315 2899 pristinam
1331 2816 1444 2879 faeiem

798 2941 860 3005 viri
884 2940 1006 3025 aooipii.

546 3067 622 3132 Met.
638 3066 695 3131 IV.
714 3072 775 3131 125
788 3088 856 3150 sqq.
880 3067 1002 3130 fruetus
1025 3066 1106 3129 mori
1129 3065 1214 3147 nigri
1236 3065 1325 3129 fiuni.

412 3192 484 3256 Huc
508 3193 603 3257 eiiam
625 3192 779 3257 referunt:

428 3318 503 3383 Met.
520 3317 589 3382 XV.
607 3324 715 3383 43-9
741 3340 803 3401 quo
827 3297 899 3382 loeo
920 3317 1073 3381 Hercules
1096 3316 1206 3399 nigros
1230 3315 1366 3398 lapillos,
1390 3315 1445 3399 qui

738 3441 906 3505 MisoeIum
944 3442 1095 3504 damnant
1133 3439 1245 3523 capitis
1282 3440 1316 3503 iu
1355 3440 1444 3504 albos

739 3570 851 3645 mutat,
876 3566 989 3648 quibus
1014 3565 1108 3648 culpa
1132 3564 1316 3629 absolvitur.

428 3691 503 3755 Met.
518 3689 574 3756 IV.
592 3697 653 3755 371
666 3713 734 3774 sqq.
767 3712 830 3774 quo
867 3690 1061 3753 immortales
1093 3689 1113 3754 i.
1147 3713 1172 3754 e.
1205 3685 1379 3753 Mercurius
1412 3694 1443 3750 et

667 3816 776 3880 Venus
799 3815 901 3880 inixta
924 3817 1057 3880 duorum
1081 3837 1214 3899 corpora
1237 3815 1373 3898 iungunt
1394 3811 1441 3876 fa·

667 3940 792 4023 oiesque
817 3939 1090 4024 Hermophrodiio
1119 3944 1151 4003 eb
1179 3937 1316 4002 Salmaoi
1340 3936 1439 4000 indui·

665 4070 718 4130 tur
740 4054 811 4131 uua.

408 4190 587 4255 Memoratu
619 4192 714 4257 etiam
747 4191 949 4276 dignissimus
984 4196 1031 4254 est
1059 4189 1134 4253 Met.
1150 4187 1188 4252 X.
1206 4193 1349 4271 280sqq.
1377 4208 1440 4270 quo

320 4317 391 4381 loco
408 4314 516 4381 Venus
533 4321 671 4381 siaiuam
688 4340 706 4381 a
722 4316 932 4402 Pygmalione
948 4313 1102 4377 caelatam
1117 4313 1150 4377 in
1168 4312 1323 4397 virginem
1337 4312 1441 4377 vertit.

321 4441 383 4519 Qui
397 4442 486 4508 loous
501 4466 582 4507 unus
598 4447 646 4507 est
662 4465 700 4506 ex
716 4442 863 4506 omnibus
879 4439 1221 4519 transformationibus
1239 4439 1295 4504 ubi
1310 4460 1360 4502 res
1376 4437 1441 4500 viia
