3400 5159
698 430 921 489 -33-

356 602 431 667 Met
447 600 470 667 I.
489 607 567 666 368:
596 652 674 667 ....
698 601 850 667 auxilium
879 623 936 687 per
958 624 1063 667 saoras
1087 625 1237 686 quaerere
1259 608 1368 670 sortes.

300 728 330 811 0)
355 727 439 791 idem
461 728 547 792 valet
571 732 666 810 atque
689 749 798 812 genus.
844 727 912 792 Met
928 726 982 793 VI.
1000 734 1077 793 679:
1101 728 1298 794 Erechtheus

569 855 722 934 quattuor
758 852 814 916 ille
852 851 981 935 quidem
1012 852 1140 917 iuvenes
1171 852 1368 938 totidemque

570 978 692 1039 crearat
714 973 869 1039 femineae
893 975 995 1040 sortis.

356 1099 431 1164 Met.
454 1097 507 1163 IX.
525 1105 564 1163 67
589 1098 708 1183 Ligdus
730 1100 880 1183 gravidae
903 1099 1046 1183 coniugis
1069 1121 1161 1164 aures
1182 1100 1231 1164 his
1246 1101 1368 1167 monuit

589 1223 706 1287 verbis:

591 1398 598 1412 .
623 1398 630 1413 .
654 1399 660 1412 .
685 1397 692 1411 .
716 1347 877 1412 onerosior
899 1348 1000 1412 altera
1022 1369 1091 1413 sors
1115 1352 1171 1428 est,

343 1561 345 1566 ,
592 1476 624 1536 et
646 1471 732 1538 vires
750 1470 879 1535 fortuna
901 1475 1006 1556 negat.

353 1594 462 1660 Etiam
484 1595 560 1660 Met.
576 1593 633 1660 lII.
651 1601 714 1658 329
739 1593 893 1659 Tiresias:

515 1769 523 1785 .
548 1771 555 1784 .
580 1772 586 1786 .
611 1772 617 1784 .
642 1725 689 1784 est
712 1725 834 1785 vestrae
857 1720 891 1782 in
914 1724 1004 1785 tanta
1027 1719 1169 1803 potentia
1190 1719 1313 1805 plagae,

515 1845 603 1924 dixit,
625 1849 661 1908 ut
683 1844 822 1909 auctoris
845 1848 963 1909 sortem
987 1845 1021 1909 in
1044 1844 1204 1910 contraria
1226 1850 1339 1923 mutet;

513 1992 597 2035 nuno
620 1992 747 2054 quoque
769 1992 827 2034 vos
849 1970 971 2034 feriam.

354 2093 507 2159 Similiter
529 2086 634 2160 Fjvl.
651 2101 707 2159 30:
732 2148 738 2161 .
763 2148 769 2161 .
794 2148 800 2161 .
825 2146 832 2160 .
857 2094 985 2159 Saturni
1013 2115 1080 2159 sors
1109 2115 1167 2179 ego
1195 2095 1297 2179 prima
1319 2095 1366 2159 fui

729 2249 769 2275 =
793 2224 876 2284 nata.

251 2407 255 2413 ,
295 2342 328 2426 d)
352 2342 512 2427 signifieat
538 2342 607 2407 fato
635 2343 859 2427 praestitutum
888 2341 1068 2425 mirumque
1091 2341 1123 2406 in
1147 2343 1275 2407 modum
1298 2343 1366 2427 ple·

352 2488 485 2549 rumque
509 2468 547 2529 de
570 2467 630 2530 diis
653 2472 830 2549 usurpatur.

355 2590 430 2655 Met
446 2589 486 2655 Π.
505 2595 582 2654 291;
606 2639 613 2654 .
637 2639 644 2653 .
668 2639 675 2653 .
700 2642 706 2656 .
730 2613 786 2655 our
807 2590 857 2654 illi
879 2590 996 2656 tradita
1019 2595 1104 2654 sorte

605 2736 743 2798 aequora
774 2716 976 2780 decrescunt?
1008 2714 1117 2780 Tellus
1149 2717 1187 2779 de
1213 2700 1363 2798 Neptuno

603 2839 686 2904 dioit.
1019 2827 1023 2833 ’

351 2963 426 3028 Met.
442 2961 480 3029 V.
499 2970 561 3028 529
585 2963 733 3048 Juppiter
756 2965 793 3029 de
817 2963 982 3048 Neptuno:

586 3109 644 3152 neo
668 3089 751 3153 sedit
773 3088 837 3152 nisi
859 3094 945 3154 sorte
969 3089 1056 3154 mihi.

352 3211 426 3275 Met.
442 3210 481 3276 ΙΙ.
500 3218 563 3275 386
587 3211 643 3277 Sol
667 3214 704 3277 de
727 3234 761 3277 se
784 3212 868 3295 ipso:

585 3359 654 3401 sors
676 3360 746 3401 mea
768 3336 921 3420 principis
943 3336 1005 3400 fuit
1027 3335 1211 3418 inrequieta.

349 3460 424 3525 Met.
439 3460 479 3526 V.
498 3468 560 3526 272
585 3484 648 3525 una
671 3462 709 3525 de
732 3462 843 3525 musis:
939 3501 944 3509 ·

585 3591 710 3670 gratam
733 3592 850 3651 sortem
876 3637 882 3649 .
906 3637 913 3650 .
938 3635 945 3649 .
969 3636 975 3648 .
1000 3585 1161 3650 hebemus.

349 3707 469 3773 Deinde
492 3710 588 3774 etiam
612 3706 649 3773 de
672 3709 854 3774 hominibus
878 3710 1001 3774 dieitur.
1036 3709 1111 3773 Met.
1127 3708 1167 3774 ΙΙ.
1185 3717 1225 3774 56
1250 3708 1306 3773 Sol
1323 3710 1361 3774 de

490 3833 680 3897 Phaetonte:
708 3854 777 3897 sors
800 3839 856 3898 tua
878 3832 1035 3911 mortalis,
1059 3854 1123 3896 non
1147 3837 1195 3896 est
1217 3832 1360 3909 mortale,

489 3958 573 4041 quod
597 3962 697 4040 optas.

347 4081 421 4146 Met.
438 4081 494 4147 ΙΙΙ.
512 4088 572 4147 551
599 4081 772 4177 Pentheus:

599 4260 606 4272 .
630 4259 637 4273 .
660 4258 668 4271 .
692 4257 699 4271 .
723 4228 792 4270 sors
816 4205 975 4289 querenda
998 4227 1062 4269 non
1086 4204 1216 4268 celanda
1238 4203 1327 4268 foret.

345 4330 450 4396 Simili
473 4334 566 4397 modo
591 4331 631 4396 H.
647 4330 747 4396 XVII.
766 4336 828 4395 113
854 4330 977 4393 Helena
1000 4330 1038 4393 de
1061 4350 1094 4392 se
1117 4328 1199 4411 ipsa:

475 4456 528 4520 sed
553 4456 628 4534 sine,
652 4477 747 4538 quam
770 4454 884 4518 tribuit
905 4457 1023 4532 sortem
1047 4451 1196 4529 Fortuna,
1218 4451 1309 4522 tueri.

290 4569 460 4620 Fabrioins,
475 4570 511 4609 De
525 4570 570 4609 diis
584 4569 632 4609 fato
646 4570 756 4617 Joveque.
1217 4556 1234 4611 3
