3400 5159
767 482 811 491 -
859 449 900 509 rc
947 436 1018 491 -”

434 618 509 688 Met.
526 618 582 685 IV.
600 626 639 684 75
664 619 834 705 Neptunus
846 622 956 708 'longo
980 623 1114 688 tridente
1138 646 1249 707 aspera
1269 648 1346 691 saxa
1368 627 1443 693 ferit

665 751 697 810 et
719 747 823 811 medio
847 769 864 810 e
888 769 965 812 saxo
989 749 1079 813 einIt
1101 749 1194 815 ferus.

435 885 511 950 Met.
527 886 583 952 VI.
601 894 641 953 80
665 887 773 953 Pallas
797 890 926 973 cuspide
949 912 1007 955 sua
1022 895 1138 955 terram
1154 894 1308 975 percussit
1324 897 1355 958 et
1371 916 1442 959 cum

669 1014 753 1078 bacis
777 1014 861 1078 fetus
885 1013 951 1079 edit
975 1017 1115 1080 canentis
1140 1016 1250 1082 olivae.

341 1121 349 1139 ο
434 1151 508 1216 Met.
526 1151 612 1218 XIV.
630 1161 670 1218 48
695 1159 790 1237 poeta
813 1156 852 1220 de
876 1154 965 1220 Circe
989 1156 1099 1220 dicit:-

584 1346 663 1362 ....
687 1298 864 1381 ingreditur
886 1299 1044 1363 ferventes
1068 1299 1206 1364 aestibus
1226 1302 1334 1378 undas,

584 1420 617 1483 in
641 1420 755 1503 quibus
779 1425 816 1485 ut
838 1421 933 1487 solita
956 1422 1047 1505 ponit
1069 1423 1204 1507 vestigia
1227 1429 1312 1488 terra

586 1565 771 1628 summaque
787 1545 925 1609 decurrit
939 1546 1073 1629 pedibus
1087 1568 1182 1630 snper
1196 1569 1334 1630 aequora
1345 1549 1441 1614 siccis,
1456 1539 1458 1543 ὗ

408 1684 480 1749 Huc
508 1686 668 1769 pertinent
696 1688 792 1751 etiam
817 1688 892 1754 Met.
908 1687 996 1754 VIII.
1016 1695 1185 1768 679-81,
1215 1688 1270 1754 ubi
1296 1690 1444 1774 «Iuppiter

321 1816 352 1875 et
363 1810 536 1875 Mercurius
551 1810 682 1890 faciunt,
698 1816 734 1876 ut
751 1816 853 1877 crater
868 1813 987 1877 totiens
1003 1814 1136 1879 haustus
1150 1779 1274 1897 repleat
1289 1820 1321 1880 et
1335 1818 1444 1880 vinum

319 1939 520 1999 succreserat.
544 1941 576 2000 et
591 1936 666 2010 Met.
682 1936 735 2001 XI.
755 1944 860 2002 306-
868 1944 898 2022 8,
921 1960 984 2022 quo
1001 1938 1174 2004 Mercurius
1189 1939 1281 2024 virga
1299 1961 1444 2022 soporem

320 2064 466 2123 movente
487 2059 624 2124 Chiones
648 2082 684 2124 os
707 2062 812 2144 tangit
835 2066 867 2125 et
890 2084 1001 2126 somno
1026 2064 1130 2146 sopita
1153 2064 1203 2126 dei
1226 2065 1291 2125 vim
1314 2065 1442 2144 patitur.

319 2183 408 2248 Idem
430 2184 506 2250 Met.
521 2183 544 2248 I.
563 2191 639 2249 715:

586 2378 594 2394 .
618 2381 625 2393 .
649 2379 655 2391 .
680 2380 687 2394 .
711 2328 816 2392 firmat
839 2350 986 2411 soporem

586 2454 738 2539 languida
759 2454 959 2537 permulcens
983 2454 1139 2518 medicata
1160 2455 1283 2517 lumina
1307 2454 1405 2538 virga.

321 2604 352 2663 et
375 2597 450 2662 Met.
465 2596 535 2662 XV.
553 2604 626 2676 843,
646 2619 709 2682 quo
725 2596 833 2661 Venus
849 2598 953 2662 media
968 2598 1040 2662 sede
1056 2602 1182 2662 senatus
1198 2598 1230 2660 in
1246 2597 1324 2661 urbe
1340 2596 1444 2660 Roma

264 2710 266 2714 ’
322 2722 466 2787 constitit
488 2723 570 2787 nulli
593 2724 754 2787 cernenda.

249 2896 267 2966 ς
286 2896 303 2950 8
412 2883 430 2966 ἓ
455 2889 483 2945 8.
529 2882 585 2945 Dii
607 2881 799 2945 divinatione
822 2880 958 2963 praediti
981 2884 1063 2943 sunt.

322 3022 456 3087 Proteus
473 3022 546 3086 Met.
562 3021 616 3086 XI.
635 3028 697 3085 250
718 3020 812 3085 Peleo
837 3020 921 3099 dicit,
938 3020 1097 3103 quomodo
1114 3019 1208 3084 Theti
1224 3018 1319 3102 potiri
1335 3019 1444 3102 possit.

471 3164 504 3229 F.
520 3171 544 3230 I.
561 3171 713 3229 377-78
739 3164 895 3241 Aristaeo,
919 3162 1077 3246 quomodo
1101 3183 1175 3244 apes
1198 3162 1415 3224 nansciscatur
1513 3196 1517 3202 -

472 3309 547 3373 Met.
563 3308 617 3373 XI.
636 3314 696 3372 221
709 3330 778 3391 sqq.
802 3306 910 3370 Theti:

644 3482 650 3495 .
675 3478 682 3492 .
708 3483 714 3495 .
738 3482 744 3495 .
769 3433 870 3493 mater
893 3429 955 3492 eris
978 3428 1110 3511 iuvenis,
1135 3426 1190 3510 qni
1206 3425 1343 3489 fortibus
1367 3425 1446 3488 actis

644 3558 714 3619 acta
736 3555 836 3637 patris
860 3553 973 3632 vincet,
994 3552 1161 3634 maiorque
1186 3550 1349 3614 vocabitur
1372 3548 1437 3612 illc.
1561 3617 1571 3630 x

325 3699 434 3766 Thetis
458 3699 533 3763 Met.
548 3695 635 3761 XIII.
654 3702 716 3761 162
740 3696 881 3780 praescia
905 3699 953 3759 est
975 3695 1104 3760 venturi
1125 3694 1182 3761 leti
1205 3692 1341 3757 Achillis

326 3842 444 3927 Apollo
468 3841 542 3906 Met.
559 3839 582 3904 I.
601 3846 744 3904 517-8:
853 3861 909 3921 per
931 3861 982 3903 me
1007 3840 1091 3921 quod
1115 3838 1237 3919 eritque
1261 3834 1383 3914 fuitque

771 3969 882 4049 estque
905 3967 1001 4048 patet.

471 4108 546 4173 Met.
561 4107 600 4171 X.
618 4114 762 4172 roo—7:
786 4112 911 4190 tempus
936 4110 966 4170 et
990 4104 1069 4168 illud
1093 4102 1161 4184 erit,
1185 4121 1248 4184 qno
1264 4121 1297 4163 se
1313 4098 1448 4163 fortissi-

785 4256 856 4298 mus
879 4233 972 4296 heros

787 4358 931 4422 addat-in
946 4356 1030 4419 hunc
1046 4354 1157 4419 florem
1172 4352 1315 4436 folioque
1325 4351 1451 4435 legatur

789 4484 907 4547 eodem.
