3400 5159
751 401 951 459 ..6-

289 569 374 635 Juno
399 569 472 635 Met.
489 568 528 634 II.
544 575 608 634 476
620 592 689 654 sqq.
712 569 844 636 Callisto
865 573 1000 657 figuram
1015 573 1185 637 humanam
1202 576 1313 641 adimit
1329 598 1412 642 eam-

619 718 681 779 que
704 696 738 760 in
760 718 866 761 ursam
889 702 1001 764 mutat.
1043 698 1132 763 Idem
1155 699 1190 765 F.
1206 699 1245 764 II.
1264 704 1325 764 177
1344 723 1415 785 sqq.
1438 689 1441 693 λ

397 820 472 886 Met.
489 819 542 886 IV.
561 828 624 886 549
637 843 705 906 sqq.
734 821 935 887 Sidoniorum
967 824 1117 889 comitum
1147 823 1254 889 Inonis
1286 826 1414 910 reginae

633 951 757 1031 partem
780 945 813 1010 in
837 969 926 1027 saxa,
948 952 1071 1030 partem
1100 949 1133 1013 in
1156 949 1310 1029 volucres,
1333 972 1413 1034 quae

633 1069 804 1135 Ismenides
827 1075 988 1150 vocantur,
1011 1074 1106 1138 vertIt

398 1195 471 1259 Met.
488 1193 543 1261 VI.
562 1201 612 1259 91.
638 1194 793 1260 Geranem
815 1196 848 1259 in
871 1217 983 1280 gruem
1007 1202 1039 1261 et

559 1325 610 1384 94.
635 1318 820 1403 Antigonen
842 1319 876 1382 in
899 1321 1065 1388 candidam
1089 1291 1250 1386 ciconiam.

288 1444 395 1509 Pallas
419 1444 495 1508 Met.
511 1443 550 1508 Π.
571 1450 634 1509 580
645 1466 713 1528 sqq.
737 1443 869 1509 Coronei
892 1445 991 1510 filiam
1014 1447 1048 1509 in
1070 1446 1235 1525 cornicem,

420 1569 495 1634 Met.
512 1568 565 1634 Vl.
585 1576 646 1634 135
659 1592 727 1654 sqq.
751 1569 921 1635 Arachnen
942 1571 976 1634 in
1000 1593 1157 1651 araneam,

418 1694 492 1760 Met.
514 1693 596 1759 VIII.
615 1700 676 1759 251
691 1716 758 1778 sqq.
782 1694 900 1760 sororis
923 1696 1058 1760 Daedali
1080 1696 1183 1760 filium
1206 1696 1239 1760 in
1255 1697 1411 1780 perdicem

286 1819 391 1883 Diana
413 1818 465 1883 Me
504 1817 560 1883 Ill.
579 1826 720 1904 193sqq.
744 1819 908 1885 Actaeona
930 1820 965 1884 in
989 1843 1125 1899 cervum,

466 1824 488 1884 t.

412 1943 488 2008 Met.
505 1942 593 2007 VIII.
612 1951 755 2028 535sqq.
778 1944 931 2030 Meleagri
956 1967 1080 2011 sorores
1103 1948 1136 2010 in
1160 1946 1311 2026 volucres,

467 2074 489 2133 t.

413 2069 465 2133 Me
505 2068 574 2134 XV.
591 2074 655 2133 548
667 2090 735 2152 sqq.
759 2069 908 2153 Egeriam
931 2071 962 2134 in
987 2071 1110 2135 fontem

286 2193 379 2258 Ceres
403 2194 477 2259 Met.
494 2192 533 2255 V.
552 2200 615 2257 448
627 2215 695 2276 sqq.
719 2194 771 2257 ani
794 2194 910 2271 filiurn,
939 2195 993 2278 qui
1023 2217 1092 2258 eam
1120 2194 1242 2258 avidam
1266 2193 1407 2273 vocabat,

625 2320 657 2382 in
681 2319 839 2396 lacertam,

550 2449 692 2528 657sqq.
717 2443 866 2527 Lyncum,
889 2443 1043 2528 Scythum
1065 2466 1173 2529 regern
1196 2444 1230 2509 in
1252 2445 1385 2529 lyncem,

405 2568 480 2632 Met.
496 2569 533 2633 X.
553 2574 694 2653 103sqq.
718 2570 752 2633 in
775 2570 885 2652 pinum
909 2570 1009 2653 Attin,
1034 2571 1089 2654 qui
1112 2593 1151 2635 ex
1174 2569 1208 2636 F.
1227 2569 1261 2634 V.

552 2700 614 2759 227
639 2694 673 2758 in
695 2693 805 2758 florem
829 2698 969 2757 mutatus
993 2699 1069 2758 erat.

289 2818 482 2901 Proserpina
506 2819 581 2884 Met.
599 2818 636 2882 V.
654 2824 716 2882 538
728 2840 795 2901 sqq.
820 2815 1035 2898 Ascalaphum
1058 2816 1090 2877 in
1114 2814 1282 2888 bubonem,

286 2942 409 3007 Latona
432 2943 506 3006 Met.
525 2940 581 3005 Vl.
600 2946 662 3005 369
687 2941 801 3025 Lyciae
823 2939 958 3003 rusticos
980 2939 1014 3002 in
1037 2961 1138 3018 ranas,

286 3066 395 3131 Venus
418 3066 493 3130 Met.
509 3064 547 3129 X.
565 3070 695 3129 235-7
708 3087 776 3148 sqq.
804 3063 926 3128 incolas
958 3063 1046 3128 urbis
1074 3062 1207 3129 Amathi
1237 3063 1271 3127 in
1298 3048 1410 3129 ¹torvos

705 3190 912 3255 transformat
934 3191 1092 3267 iuvencos

566 3322 696 3380 241-2
721 3316 870 3382 mulieres
894 3315 1032 3380 eiusdem
1055 3313 1197 3377 urbisin
1220 3334 1305 3392 saxa,

566 3447 628 3505 724
640 3463 707 3525 sqq.
731 3440 876 3506 Adonem
898 3441 932 3503 in
955 3438 1113 3515 adonium,

415 3566 490 3630 Met.
506 3564 593 3630 XIV.
610 3572 673 3630 497
686 3588 753 3649 sqq.
777 3566 922 3630 Acmona
945 3563 1074 3647 eiusque
1091 3562 1192 3627 socios
1207 3563 1241 3627 in
1256 3564 1408 3642 volucres,

686 3713 767 3774 qnae
794 3690 985 3755 Diomedeae
1007 3693 1170 3755 vocantur.

286 3815 404 3880 Lucina
427 3815 501 3879 Met.
518 3814 571 3880 IX.
590 3822 652 3879 315
665 3837 732 3898 sqq.
757 3814 947 3879 Galanthem
970 3816 1004 3879 in
1026 3815 1204 3891 mustelam,

155 3933 159 3939 ’
286 3941 398 4006 Thetis
421 3940 495 4005 Met.
513 3939 568 4005 XI.
587 3945 649 4004 784
661 3961 729 4023 sqq.
752 3938 909 4002 Aesacum
933 3939 966 4001 in
990 3960 1142 4023 mergum,

286 4066 404 4149 Cybele
427 4065 501 4129 Met.
517 4065 556 4129 X.
574 4071 637 4129 695
649 4085 717 4148 sqq.
743 4062 976 4146 Hippomenem
1000 4067 1031 4126 et
1054 4063 1220 4125 Atlantem
1243 4059 1277 4123 in
1299 4058 1406 4123 leones

428 4189 502 4254 Met.
520 4188 604 4253 XIV.
624 4195 686 4253 549
698 4210 767 4272 sqq.
792 4189 918 4252 Aeneae
941 4207 1036 4250 nares
1059 4187 1092 4250 in
1115 4184 1260 4249 Naiades.

286 4314 376 4379 Circe
400 4314 476 4380 Met.
492 4314 577 4380 XIV.
596 4320 739 4397 276sqq.
767 4311 882 4378 Ulissis
910 4310 1039 4375 comites
1067 4310 1100 4374 in
1127 4309 1277 4374 animalia
1302 4309 1409 4394 eisque

671 4438 783 4504 Ulissis
807 4438 892 4501 iusso
916 4435 1082 4520 pristinam
1105 4435 1241 4501 formam
1265 4437 1327 4500 dat.
