3400 5159
725 431 946 490 ..17-

421 614 462 679 H.
478 609 562 677 XXI.
580 615 658 674 232:
680 608 747 671 fata
769 624 885 668 canens
908 602 992 665 deus.

422 738 457 804 r.
473 708 514 802 11.
532 740 595 799 713
619 737 736 798 sortem
759 730 821 793 dat.

422 863 458 927 F.
473 861 530 927 VI.
548 866 611 925 425
635 879 700 922 non
727 853 861 918 mentito
893 873 947 916 ore
978 846 1113 913 reddidit
1144 848 1203 912 hos
1235 864 1341 908 sonos:
1374 841 1402 904 si

637 984 727 1046 deam
743 977 882 1048 servatis,
906 973 1071 1040 servabitis
1086 971 1210 1048 urbem;
1233 965 1401 1050 imperium
1504 957 1506 962 ⁴

636 1106 693 1170 illa
716 1124 823 1169 secum
845 1099 1004 1164 transfert.
1054 1108 1068 1129 ·

282 1241 410 1304 Aurora
433 1231 674 1299 meevrias
699 1230 737 1294 de
756 1249 790 1292 se
810 1228 881 1310 ipsa
900 1228 1036 1288 mentem
1060 1221 1126 1286 eius
1149 1217 1313 1303 providam
1337 1235 1404 1280 esse

698 1354 782 1419 dicit.

283 1490 387 1554 Diana
402 1487 477 1551 Met.
486 1483 543 1549 HI.
556 1489 615 1549 191
635 1480 757 1546 addidit
771 1477 850 1542 haec
860 1474 958 1540 cladis
967 1470 1155 1555 praenuntia
1164 1468 1261 1532 verba
1270 1467 1405 1531 futurae.

283 1614 413 1677 Themis
436 1612 512 1674 Met
528 1607 582 1673 IX.
598 1612 662 1670 403
674 1625 742 1687 sqq.
765 1601 890 1665 venturi
911 1597 1054 1682 praescia
1077 1599 1133 1659 est.

437 1732 512 1797 Met.
528 1729 584 1795 IV.
601 1735 678 1793 642:
702 1779 708 1792 .
733 1778 740 1791 .
764 1778 771 1789 .
795 1776 803 1789 .
830 1723 960 1789 Themis
992 1722 1074 1786 hanc
1106 1718 1233 1783 dederat
1256 1715 1407 1780 Parnasia
1469 1719 1471 1723 '

700 1848 1005 1917 sortem-oraculum.

437 1983 512 2047 Met.
527 1979 552 2046 Ι.
569 1984 646 2044 321:
669 1976 893 2059 fatidicamque
916 1971 1064 2049 Themin,
1092 1989 1172 2053 quae
1199 1972 1276 2032 tunc
1301 1965 1409 2030 oracla

669 2102 806 2166 tenebat.

286 2233 440 2299 Hercules
463 2230 538 2295 Met.
553 2227 622 2294 XV.
640 2233 694 2292 17:
720 2230 726 2292 .
750 2276 757 2290 .
781 2277 787 2290 .
813 2277 819 2290 .
843 2245 921 2289 aevo
944 2225 1096 2305 nepotum

719 2352 772 2417 hic
794 2353 884 2417 locus
909 2350 976 2414 erit.

379 2484 397 2564 ἓ
422 2488 451 2545 9.
498 2479 734 2542 Divinationem
762 2476 813 2539 dei
836 2475 919 2538 dono
943 2474 1020 2536 dant
1047 2472 1143 2535 etiam
1170 2469 1351 2533 hominibus
1374 2470 1410 2530 nt
1428 2471 1481 2541 §9

163 2621 166 2625 '
292 2604 542 2672 benevolentiam
566 2605 597 2665 et
619 2600 768 2665 favorem.

291 2731 427 2797 Tiresias
449 2728 524 2794 Met.
540 2727 596 2792 ΙΙΙ.
614 2732 757 2790 336—8:
782 2775 789 2789 .
814 2777 820 2789 .
844 2774 852 2788 .
876 2775 883 2788 .
906 2743 963 2804 pro
987 2721 1106 2785 lumine
1129 2720 1291 2802 redempto

781 2848 860 2913 scire
883 2848 991 2911 futura
1013 2846 1099 2910 dedit
1123 2843 1299 2931 [Juppiter]

538 3033 540 3036 .
615 2982 677 3041 348
702 2974 844 3040 Narcissi
866 2974 968 3037 fatum
992 2972 1154 3055 praedicit,
1176 2971 1260 3036 idem
1333 3063 1335 3066 .

616 3107 677 3164 517
704 3099 844 3164 Penthei.

292 3229 436 3314 Sibyllae
451 3227 609 3311 nymphae
625 3225 700 3290 Met.
709 3223 796 3288 XIV.
808 3228 871 3286 106
888 3222 1007 3306 Apollo
1024 3222 1279 3285 vaticinationem
1294 3220 1415 3286 tribuit.

295 3355 462 3421 Carmenta
485 3352 521 3416 F.
536 3351 560 3418 Ι.
578 3357 641 3415 474
666 3351 706 3414 ab
727 3348 879 3432 Apolline
902 3347 1128 3412 divinationem
1150 3346 1308 3429 impetrat.

580 3481 754 3540 eoa-537
766 3475 1016 3560 magnitudinem
1026 3474 1147 3538 Romae
1158 3477 1190 3537 et
1199 3472 1302 3556 gentis
1311 3471 1416 3536 Juliae

767 3601 967 3684 splendorem
990 3600 1152 3684 praedicit.

490 3722 525 3789 F.
536 3722 589 3788 VI.
601 3728 663 3787 535
680 3722 771 3787 Inoni
786 3725 854 3788 fata
869 3726 1026 3789 venientia
1046 3730 1142 3807 atque
1158 3726 1224 3789 eius
1240 3725 1307 3788 filio
1323 3724 1417 3788 canit.

386 3849 536 3934 Ignotum
567 3852 627 3923 est,
660 3847 731 3929 quis
764 3870 912 3930 superum
943 3850 1130 3914 mortalibus
1162 3851 1417 3915 vaticinationem

294 3976 430 4053 dederit3
455 3974 558 4038 solum
582 3972 775 4036 divinatione
799 3995 852 4038 eos
874 3997 908 4039 re
931 3998 1005 4051 vera
1027 3976 1188 4058 praeditos
1204 3998 1271 4040 esse
1294 3976 1418 4040 scimus.

298 4100 423 4165 Mutata
433 4097 635 4184 (Leucothea)
652 4096 687 4160 v.
697 4095 753 4161 vr.
765 4103 829 4161 aaa
845 4078 968 4163 censuri
984 4100 1106 4164 sueno
1123 4100 1243 4164 aaran
1257 4099 1419 4183 praedicit.

300 4223 430 4306 Mopsus
454 4223 529 4289 Met.
544 4222 614 4288 XII.
631 4229 773 4302 455-6,
796 4228 833 4288 ut
856 4224 900 4288 ait
914 4224 1041 4304 Nestor,
1063 4225 1172 4290 futura
1192 4225 1311 4291 cecinit.

301 4346 441 4411 Helenus
465 4346 539 4412 Met.
555 4348 623 4413 XV.
641 4356 705 4415 439
729 4349 848 4415 Priami
873 4349 965 4429 filius,
987 4350 1114 4414 Aeneae
1129 4350 1283 4433 praedixit
1298 4350 1421 4416 Romae

731 4478 990 4564 magnitudinem,
1013 4478 1110 4543 etiam

355 4588 523 4640 Fabricius,
539 4590 573 4630 Dc
588 4591 632 4632 diis
646 4593 694 4634 fato
708 4595 818 4644 Joveque.
1280 4586 1296 4640 2
