3400 5159
786 326 1008 386 „13-

502 500 577 565 Met.
593 499 679 565 XIII.
697 506 760 564 722
784 504 898 594 cuncta
920 499 1007 564 fideli
1029 499 1153 563 monitu
1174 499 1380 583 praedixerat.

337 625 442 710 Tages
464 625 539 691 Met.
555 625 625 691 XV.
643 631 719 690 557:
743 646 860 709 oraque
883 625 1023 689 venturis
1046 626 1168 709 aperire
1192 625 1330 690 recentia
1352 625 1428 689 fatis

554 749 721 834 indigenae
744 750 850 814 dixere
874 749 992 833 Tagen,
1016 750 1071 834 qni
1093 750 1214 833 primus
1238 749 1404 815 Etruscam

556 877 681 942 edocuit
703 881 830 961 gentem
854 897 944 940 casus
967 876 1089 958 aperire
1111 875 1245 940 futuros.

338 1000 512 1066 Cassandra
535 1001 575 1066 H.
591 1001 631 1066 V.
649 1007 791 1086 115sqq.
815 1000 964 1066 Oenonae
986 1000 1094 1064 futura
1117 1000 1210 1065 canit.

338 1126 447 1192 Manto
471 1126 546 1193 Met
563 1126 618 1191 VI.
636 1132 713 1191 157:
736 1149 810 1191 nam
825 1129 895 1190 sata
908 1125 1029 1189 Tiresia
1044 1125 1169 1188 venturi
1184 1126 1325 1207 praescia
1338 1125 1460 1194 Manto.

337 1252 486 1316 Telemus
509 1237 697 1336 Eurymides
720 1253 794 1318 Met.
810 1251 896 1315 XIII.
914 1258 931 1315 7
938 1257 977 1316 70
988 1272 1055 1335 sqq.
1084 1249 1282 1334 Polyphemo
1306 1251 1458 1334 praedicit

814 1376 880 1440 eius
908 1397 1005 1440 unum
1032 1375 1066 1438 in
1092 1375 1198 1439 fronte
1225 1377 1330 1440 medie
1352 1376 1458 1443 lumen

813 1502 854 1565 ab
878 1500 984 1566 Ulisse
1007 1500 1085 1583 rapi.
1130 1499 1219 1564 Idem
1241 1500 1306 1565 Ibis
1330 1497 1404 1566 270.

338 1627 499 1711 Ocyrrhoe
522 1627 597 1692 Met.
613 1626 652 1692 ΙΙ.
670 1633 733 1692 639
763 1627 908 1692 Chironis
932 1626 1072 1690 centauri
1094 1626 1162 1689 filia
1183 1626 1321 1711 fatorum
1346 1649 1462 1691 arcana
1592 1669 1595 1672 -

760 1752 853 1816 canit.

338 1877 470 1941 Calchas
493 1877 567 1941 Met.
583 1876 653 1941 XII.
672 1883 799 1940 18-21
823 1881 855 1940 et
876 1882 983 1939 27-9
1008 1874 1173 1939 Thestoris
1196 1875 1282 1940 filius
1305 1877 1461 1961 sanguiue

826 2001 966 2085 virgineo
989 1999 1114 2084 placate
1129 2000 1250 2064 Dianae
1267 2001 1314 2064 ira
1329 2001 1457 2064 Troiam
1543 2076 1545 2080 Ι

824 2147 975 2189 casuram.

338 2250 469 2334 Astylus
492 2250 567 2315 Met.
583 2249 653 2314 XII.
671 2257 747 2317 309:
770 2249 803 2316 N
805 2272 839 2315 ec
855 2251 940 2334 fuge,
964 2249 1003 2313 ad
1019 2248 1203 2329 Herculeos
1225 2250 1335 2333 inquit,
1350 2270 1455 2313 serva·

773 2377 858 2442 beris
881 2399 981 2442 arcus.

337 2500 463 2565 Titania
483 2502 557 2566 Met.
573 2501 659 2567 XIV.
672 2509 749 2568 438:
774 2502 1001 2585 Ancipitesque
1011 2501 1077 2564 vias
1088 2504 1120 2564 et
1128 2501 1188 2564 iter
1198 2500 1324 2565 Titania
1333 2505 1457 2567 vastum

773 2628 897 2692 dixerat
917 2633 948 2692 et
968 2628 1053 2691 saevi
1068 2631 1187 2690 restare
1202 2627 1342 2708 pericula
1356 2628 1457 2707 ponti.

337 2749 458 2823 Quibus
481 2751 560 2814 locis
583 2752 661 2813 adde
686 2753 780 2814 etiam
804 2750 878 2814 Met.
895 2750 918 2812 I.
936 2757 1013 2812 268:
1037 2750 1105 2844 fata
1129 2754 1220 2814 canet
1243 2752 1337 2812 vates.

769 2919 774 2925 -
805 2872 879 2938 Met.
895 2871 949 2936 IV.
968 2879 996 2953 8,
1021 2896 1083 2957 quo
1107 2874 1249 2939 sacerdos
1272 2873 1401 2956 quidam

581 3049 586 3059 .
612 3049 618 3060 .
643 3048 649 3060 .
674 3048 680 3060 .
705 3019 830 3060 saevam
854 2998 932 3063 laesi
955 2998 1023 3063 fore
1046 3000 1182 3063 numinis
1206 3001 1286 3064 iram

578 3121 766 3187 vaticinatus
791 3129 867 3191 erat.

334 3252 365 3310 et
380 3249 468 3311 vates
484 3247 621 3330 quidam,
638 3247 689 3311 cui
698 3246 842 3314 Priamus
859 3249 1002 3333 coniugis
1019 3271 1094 3314 suae
1110 3252 1178 3315 visa
1193 3251 1299 3330 refert,
1321 3249 1452 3316 H.XVI.

333 3378 374 3435 49
400 3372 485 3435 canit
507 3393 652 3435 arsurum
676 3370 798 3436 Paridis
821 3374 890 3457 igni
912 3372 1003 3437 Ilion.

241 3496 312 3567 §10
421 3497 515 3579 §io
562 3496 623 3561 Sed
646 3518 709 3562 non
734 3498 863 3562 suntin
888 3499 948 3562 hoc
972 3499 1085 3565 omnia.
1126 3499 1271 3566 Oceanus
1295 3507 1327 3566 et
1342 3503 1453 3568 Thetis

330 3620 405 3685 Met.
421 3620 508 3688 XIII.
526 3629 589 3686 949
600 3645 669 3707 sqq.
693 3622 813 3687 Glauco
837 3626 921 3706 quod
945 3625 1079 3690 mortale
1102 3631 1150 3690 est
1165 3627 1301 3691 afferunt
1317 3646 1450 3706 eumque

330 3746 424 3810 deum
445 3746 542 3811 maris
569 3747 698 3813 faciunt.
745 3746 832 3812 Idem
855 3747 1024 3833 Neptunus
1048 3751 1121 3816 Met.
1138 3749 1192 3823 lv,
1211 3757 1367 3832 519sqq.‚
1395 3744 1449 3827 qni

332 3869 461 3936 Veneris
492 3872 638 3954 precibus
676 3876 854 3937 commotus
886 3871 1016 3939 Inonem
1055 3878 1087 3940 et
1118 3875 1331 3949 Milecertum‚
1369 3869 1449 3931 hanc

329 3995 507 4061 Leucothea
530 3997 664 4075 nomine,
687 3998 779 4063 illum
803 3998 975 4063 Palaemon
999 4001 1065 4065 deis
1089 3999 1154 4065 suis
1178 4016 1330 4082 aquarum
1353 3991 1450 4056 addit.

328 4118 507 4186 Posteriore
539 4144 578 4185 ex
609 4123 679 4186 loco
708 4124 910 4208 cognoscitur
938 4144 1006 4187 eam
1039 4125 1102 4189 vim
1131 4129 1226 4209 atque
1257 4121 1450 4201 potestatem

328 4267 392 4313 non
420 4247 566 4312 omnibus
590 4247 649 4312 diis
673 4264 871 4315 communem
895 4270 977 4328 esse,
1005 4250 1088 4332 quod
1115 4251 1149 4315 ni
1175 4251 1221 4315 ita
1248 4267 1282 4311 se
1309 4244 1455 4327 haberet,

327 4368 436 4434 Venus
460 4370 645 4455 aNeptuno
668 4395 732 4437 non
751 4374 902 4458 petiisset,
924 4377 960 4437 ut
976 4373 1154 4439 carissimos
1169 4397 1244 4440 suos
1268 4371 1451 4436 iudeorum
