3400 5159
23 1026 25 1030 ·
126 1040 128 1046 r
229 1079 231 1083 μ
315 1003 424 1085 ¹55.
471 1000 620 1065 Faoultas
636 999 791 1064 efficiendi
806 1000 1102 1064 transformationes
1119 1000 1193 1065 data
1208 1001 1303 1067 etiam
1319 976 1422 1067 Mei

714 451 937 537 -4-111-

263 648 372 691 oarens
395 628 428 690 in
451 624 569 689 animal
592 624 715 689 transit.
755 622 826 699 Qua
849 624 887 688 de
910 645 944 687 re
960 627 1086 688 constat
1103 622 1219 710 Veneri
1242 581 1386 688 homines

263 752 450 836 procreandi
465 755 655 836 potestatem
672 750 778 814 datam
794 771 873 826 esse;
894 772 971 813 num
988 755 1094 814 autem
1110 749 1180 814 aliis
1197 750 1262 814 deis
1278 748 1386 813 eadem

263 878 335 943 data
344 870 394 942 'sie
408 841 543 942 iaoultas
557 876 589 940 in
604 876 701 939 dubio
716 857 765 940 est
779 878 811 940 et
820 875 904 957 apud
915 873 1062 967 Ovidium
1078 895 1235 958 nusquam
1258 878 1385 962 legitur.

1441 978 1458 1030 5

200 1138 202 1142 ’
263 1128 360 1189 dusae
385 1125 481 1207 capiti
505 1137 580 1190 erat.
765 1188 775 1221 .·

344 1333 346 1336 Ι
372 1249 447 1315 Met.
463 1249 517 1315 IV.
536 1237 677 1333 655sqq.
703 1251 796 1314 Atlas
819 1250 852 1312 in
876 1252 1017 1313 montem
1041 1252 1181 1314 vertitur.
1248 1250 1251 1255 ’

422 1435 423 1438 ,
533 1380 591 1438 741
606 1397 675 1458 sqq.
703 1374 799 1439 foliae
833 1378 865 1437 et
896 1373 1005 1458 virgae
1037 1374 1096 1439 sub
1130 1396 1266 1458 aequore
1293 1380 1386 1440 natae

604 1504 693 1564 tactu
717 1500 831 1583 eapitis
855 1499 1072 1564 induruerunt.

267 1636 269 1640 ’
371 1623 444 1688 Met.
463 1622 499 1687 V.
517 1629 648 1687 1-233
672 1622 789 1686 Pineus
818 1644 890 1685 oum
918 1623 1026 1687 amieis
1055 1623 1120 1686 suis
1149 1628 1181 1687 et
1208 1622 1261 1687 CO
1290 1625 1385 1688 oomi-

673 1747 760 1810 tibus
783 1746 816 1810 in
840 1750 961 1811 statuas
985 1747 1135 1830 lapideas,

371 1957 374 1964 ⁴
517 1877 648 1934 aea—9
672 1871 878 1954 Polydectem
900 1871 933 1935 in
957 1871 1078 1935 silicem
1102 1875 1250 1936 mutatur.

335 2044 338 2051 .
354 1994 402 2057 De
412 1994 562 2059 Medusae
578 1996 730 2079 sanguine
746 1995 974 2080 pennisfugax
984 1994 1127 2079 Pegasus
1143 1996 1273 2090 eiusque
1288 1997 1387 2061 frater

260 2120 328 2182 nati
346 2124 428 2198 sunt,
445 2120 532 2205 (Met.
542 2119 598 2185 IV.
609 2127 740 2185 raa-6
758 2125 789 2185 et
804 2120 839 2185 F.
849 2119 906 2188 ΙΙΙ.
917 2122 996 2204 451)
1013 2125 1044 2185 et
1060 2143 1132 2185 cum
1145 2121 1278 2186 Perseus
1293 2145 1387 2206 super

78 2273 81 2281 ·
178 2233 180 2238 ⁵
249 2236 395 2330 ⁴Lybioas
419 2265 529 2308 arenas
550 2266 621 2309 oum
638 2244 805 2330 Gorgoneo
823 2245 926 2329 capite
940 2246 1092 2328 penderet
1108 2251 1216 2330 guttas
1232 2252 1387 2328 cruentas,
1486 2290 1488 2293 -

260 2391 341 2453 quae
369 2370 402 2434 in
426 2375 544 2435 terram
567 2371 763 2451 desiderunt,
792 2372 907 2435 humus
932 2373 1054 2455 excepit
1080 2376 1112 2436 et
1134 2371 1167 2434 in
1190 2372 1293 2436 varios
1317 2372 1386 2437 ani-

261 2495 360 2557 mavit
384 2515 512 2577 angues.
564 2496 684 2571 Quibus
708 2496 787 2559 locis
811 2496 945 2558 addendi
965 2500 1039 2559 sunt
1064 2496 1138 2561 Met.
1154 2495 1225 2563 VH.
1243 2503 1384 2574 416-9,
1487 2469 1489 2474 ¹

262 2616 320 2681 ubi
349 2639 386 2680 ex
415 2618 547 2701 spumis,
576 2619 690 2700 quibus
714 2617 868 2682 Cerberus
895 2619 1006 2683 rabida
1033 2620 1081 2682 ira
1109 2621 1249 2684 concitus
1272 2621 1386 2685 virides

261 2742 379 2824 sparsit
402 2763 506 2826 agros,
529 2743 687 2807 aconitum
711 2748 816 2808 ortum
839 2748 895 2809 est.
1243 2722 1246 2728 .

261 2866 371 2932 Etiam
394 2866 492 2931 Terra
514 2867 651 2932 fertilem
675 2869 740 2932 vim
763 2869 869 2933 habet.

370 2992 444 3057 Met.
461 2992 484 3058 I.
504 2999 655 3058 156-60
681 3016 753 3058 oum
776 2995 922 3078 gigantes
945 2993 1075 3058 Polione
1099 2997 1130 3058 et
1146 2992 1226 3058 Ossa
1240 2995 1386 3074 iacerent,

676 3123 761 3182 terra
784 3118 887 3183 multo
911 3123 1059 3182 natorum
1083 3119 1235 3202 sanguine
1258 3119 1386 3202 perfusa
1475 3196 1479 3202 ,

678 3242 880 3306 immaduisse
913 3243 1112 3326 calidumque
1145 3264 1289 3306 eruorem
1317 3245 1384 3307 ani·

679 3389 780 3432 masse
808 3372 840 3431 et
860 3367 901 3430 'in
928 3366 1041 3431 faeiem
1068 3366 1230 3431 homiuum
1254 3368 1384 3432 vertisse

675 3492 784 3557 fertur.

368 3613 443 3677 Met.
459 3613 482 3678 I.
500 3620 576 3679 416:
601 3621 706 3680 cetera
721 3615 854 3680 diversis
869 3616 965 3681 tellus
981 3616 1131 3681 animalia
1146 3616 1258 3681 formis
1272 3621 1385 3699 sponte

601 3762 658 3803 sua
679 3741 810 3824 peperit,
832 3746 1002 3825 postquam
1019 3744 1109 3804 vetus
1124 3741 1240 3806 humor
1255 3740 1294 3804 ab
1311 3742 1384 3824 igne

600 3864 756 3946 percaluit
774 3864 860 3942 solis,
884 3887 1079 3948 caenumque
1095 3865 1238 3948 udaeque
1248 3866 1384 3948 'paludes

600 3989 776 4053 intumuere
800 3995 898 4068 aestu,
921 3990 1119 4073 fecundaque
1142 3989 1261 4053 semina
1280 4010 1383 4052 rerum

599 4113 701 4177 vivaci
724 4114 844 4177 nutrita
868 4114 946 4195 solo,
973 4136 1030 4177 ceu
1055 4114 1164 4178 matris
1187 4114 1219 4177 in
1243 4115 1324 4192 alvo,

599 4234 765 4302 creverunt
774 4237 951 4322 faciemque
962 4238 1382 4321 aliquamoeperemoraudo.

368 4361 442 4427 Met.
458 4361 482 4427 I.
499 4369 577 4428 438:
601 4363 700 4428 adidit
722 4364 903 4428 innumeras
920 4363 1049 4446 species,
1071 4362 1250 4447 partimque
1265 4362 1383 4447 figuras

599 4488 724 4553 rettulit
734 4487 883 4571 antiquas
892 4486 1009 4571 partim
1018 4509 1101 4551 nova
1111 4488 1382 4551 monstracreavit.
