3400 5159
650 407 931 523 -av-'

304 639 382 704 Met.
398 638 454 704 ΙΙΙ,
472 643 549 703 299:
573 689 581 703 .
605 689 612 702 .
636 688 643 701 .
668 687 675 702 .
699 637 854 719 vultuque
878 634 1043 719 sequentia
1066 634 1163 702 traxit

572 763 693 842 nubila,
716 762 787 846 quis
811 760 953 826 cimbros
976 759 1172 843 inmixtaque
1192 758 1323 842 fulgura

1220 882 1324 946 ventis

575 1011 695 1077 addidit
717 1016 749 1076 et
771 1013 908 1088 tonitrus
932 1016 965 1077 et
986 1008 1171 1075 inevitabile
1191 1008 1322 1073 fulmen.

289 1135 412 1213 Quibus
434 1137 513 1204 locis
535 1137 686 1221 cognosci
713 1141 819 1220 potest
841 1136 956 1202 Jovem
979 1156 1044 1201 non
1065 1136 1169 1201 solum
1191 1139 1323 1200 naturae

199 1261 355 1345 imperare
377 1262 432 1327 sed
456 1262 551 1327 etiam
573 1261 703 1347 fulgura
724 1266 758 1328 et
772 1261 927 1327 tonitrum
942 1262 976 1325 in
993 1260 1060 1325 eius
1075 1263 1232 1344 potestate
1247 1281 1323 1324 esse.

199 1383 270 1462 Qua
292 1409 327 1452 re
348 1388 451 1452 multo
474 1387 545 1453 aliia
568 1387 635 1453 deis
657 1388 826 1454 antecedit.
874 1387 955 1483 Vide
977 1386 1082 1451 etiam.

261 1549 264 1554 ·
306 1510 381 1576 Met.
398 1510 437 1578 H.
455 1518 533 1578 306:
558 1566 564 1577 .
588 1563 595 1577 .
620 1563 626 1577 .
651 1561 658 1576 .
681 1533 901 1595 summamque
923 1511 1005 1594 petit
1027 1511 1143 1575 arduus
1167 1532 1270 1574 arcem

559 1636 641 1699 uude
664 1636 747 1700 solet
769 1635 844 1700 latis
868 1635 968 1706 nubes
990 1634 1138 1698 inducere
1160 1634 1252 1698 terris

556 1760 641 1825 unde
663 1763 771 1826 movet
793 1759 946 1839 tonitms,
975 1759 1162 1842 vibrataque
1189 1758 1325 1824 fulmina

1219 1885 1324 1949 iactat.

558 2009 621 2075 Sed
636 2032 739 2094 neque
748 2032 828 2094 quas
837 2014 945 2093 posset
956 2009 1049 2075 terris
1056 2009 1214 2089 inducere,
1225 2010 1324 2074 nubes

558 2139 635 2200 tunc
644 2134 766 2214 habuit,
776 2157 834 2200 neo
842 2157 923 2219 quas
933 2135 1022 2202 caelo
1033 2133 1214 2216 dimitteret
1224 2135 1324 2200 nubes

555 2262 690 2342 intonat,
714 2266 746 2326 et
760 2263 873 2326 dextra
889 2262 1040 2326 libratum
1055 2261 1176 2325 fulmen
1192 2261 1233 2325 ab
1249 2283 1324 2325 aure
1416 2329 1419 2336 ,

557 2387 644 2452 misit
666 2387 700 2452 iu
722 2387 877 2471 aurigam.
1006 2445 1009 2452 .

202 2567 208 2576 .
307 2510 381 2575 Met
396 2508 421 2575 I.
439 2515 516 2576 lua:
535 2510 705 2575 terrificam
720 2511 832 2593 capitis
847 2509 1006 2575 concussit
1020 2515 1131 2594 terque
1147 2515 1320 2595 quaterque

419 2671 423 2680 ,
536 2632 1321 2718 ansariem,cumquaterrammare,sideramovit.

198 2757 256 2824 Sol
278 2759 318 2824 de
340 2757 421 2825 Jove
444 2759 519 2825 Met
535 2758 648 2825 1161:
672 2811 679 2824 .
703 2809 710 2824 .
735 2811 742 2824 .
766 2809 773 2822 .
796 2759 879 2824 vasti
906 2780 1035 2843 quoque
1057 2764 1162 2825 rector
1185 2759 1322 2843 Olympi,

672 2884 728 2969 qui
754 2885 822 2950 fera
849 2883 986 2950 terribili
1008 2885 1166 2951 iaculatur
1188 2885 1322 2949 fulmina

1204 3012 1322 3077 dextra.

198 3132 310 3198 Tellus
330 3134 368 3198 de
382 3131 465 3198 Jove
488 3134 563 3200 Met.
579 3132 618 3200 II.
636 3141 712 3200 279:
841 3136 918 3218 quid
934 3158 953 3201 o
969 3141 1025 3201 tua
1040 3135 1175 3200 fulmina
1191 3143 1322 3202 cessant.

198 3257 303 3325 Poeta
325 3260 363 3323 de
385 3258 465 3325 Jove
488 3259 562 3326 Met.
579 3259 619 3326 ll.
637 3266 715 3326 848:
738 3313 746 3326 .
770 3311 777 3325 .
802 3313 808 3324 .
832 3311 840 3324 .
865 3260 916 3325 cui
940 3261 1050 3326 dextra
1071 3261 1212 3326 triculois

369 3475 373 3483 Ι
738 3386 867 3472 ignibus
889 3390 1013 3450 armata
1035 3390 1091 3451 est.

198 3504 288 3572 ldem
309 3507 385 3572 Met
401 3509 424 3573 Ι.
443 3515 515 3589 154,
532 3517 609 3589 5963
633 3510 673 3575 A.
689 3509 795 3577 llEl.
814 3515 865 3588 1⁵,
885 3508 936 3575 El.
952 3508 992 3574 V.
1009 3516 1061 3575 52.
1076 3508 1114 3575 A.
1131 3508 1186 3576 III.
1201 3509 1251 3576 ul
1266 3508 1322 3575 111.
1422 3537 1426 3556 .

308 3638 364 3709 303
388 3639 440 3696 35.
486 3632 519 3698 F.
535 3633 591 3697 ΠΙ.
608 3640 671 3699 347
697 3634 731 3700 F.
747 3633 801 3700 IV.
819 3641 885 3700 834
908 3632 943 3699 F.
960 3633 998 3700 V.
1016 3641 1072 3713 423
1095 3634 1133 3700 R
1151 3635 1187 3699 A.
1206 3640 1278 3700 370.

307 3756 341 3823 F.
359 3756 395 3823 V.
414 3762 491 3822 713:
513 3756 663 3840 luppiter
684 3758 783 3839 Idam,

307 3882 341 3947 F.
357 3882 412 3948 VI.
431 3889 494 3948 759
518 3882 744 3967 Aesculapium
765 3885 899 3950 fulmina
922 3888 1021 3951 necat.

289 4012 309 4093 ξ
334 4015 406 4075 lde.
450 4008 620 4075 Praeterea
641 4013 737 4093 poeta
758 4010 797 4075 de
819 4009 901 4075 Jove
925 4011 1002 4075 dicit
1024 4008 1098 4075 Met.
1116 4007 1158 4075 11.
1178 4016 1359 4076 848-920

757 4135 817 4201 Ille
841 4140 933 4219 pater
954 4140 1122 4219 rectorque
1145 4136 1238 4201 deum
1397 4151 1399 4156 ·

859 4259 915 4344 qui
937 4264 1018 4324 nutu
1041 4260 1182 4325 concutit
1205 4260 1323 4324 orbem.

308 4382 551 4451 Meuxvssa
575 4438 582 4453 .
607 4438 613 4452 .
638 4440 644 4454 .
669 4440 675 4455 .
698 4386 847 4471 duppiter
870 4406 958 4449 arces

573 4508 1323 4596 temperataetheriasetmundiregnatriformis.
1364 4517 1366 4520 '
