3400 5159
661 438 883 497 ...31-

301 613 435 679 Restant
457 633 581 677 sorores
601 610 688 677 Juno
713 610 877 691 uteres,
903 610 993 676 Jovis
1017 612 1176 698 coniugis,
1204 613 1280 678 Met.
1297 612 1335 681 V.

214 746 277 803 565
303 744 334 802 et
356 738 471 802 fratres
495 736 590 802 Pluto
615 736 690 800 Met.
707 734 746 800 V.
764 741 827 800 528
853 741 884 800 et
899 734 1068 819 Neptunus
1091 737 1335 804 Meuvlleou.

300 863 362 928 Hie
385 884 460 927 sone
484 867 616 946 quaeret
639 861 808 950 quispiam,
836 883 893 926 eur
916 862 1043 945 quidem
1065 861 1216 947 Juppiter
1237 863 1336 928 trium

211 1008 370 1052 summum
393 988 454 1052 sit?
486 985 549 1050 Cur
570 1005 635 1051 nou
658 986 763 1065 Pluto,
786 1007 841 1049 our
863 1007 928 1051 non
951 985 1144 1071 Neptunus?

302 1110 340 1175 In
363 1111 496 1176 Hesiodi
519 1112 705 1196 Theogonis
727 1110 881 1194 seriptum
903 1111 1039 1196 legimus
1063 1118 1125 1176 881
1138 1133 1214 1196 sqq:

302 1234 414 1321 Αότόρ
436 1233 510 1300 ἐπεί
530 1236 572 1321 ρο
594 1234 696 1299 πόνον
718 1234 862 1320 μάκαρες
884 1236 958 1299 θεοὶ
1003 1233 1210 1315 ἐξετέλεσσαν,

305 1361 466 1445 Τιτήνεσσι
489 1359 523 1424 δὲ
545 1360 672 1442 τιμάων
694 1363 840 1444 κρίναντο
862 1365 964 1445 βίηφι,

300 1485 340 1572 δή
362 1485 401 1572 ῥο
423 1484 489 1549 τότ’
512 1482 650 1572 ὤτρυνον
672 1486 876 1567 βασιλευέμεν
899 1482 953 1570 ἠδὲ
975 1483 1136 1559 οἷνόσσειν,

302 1614 396 1695 Γαίης
419 1609 678 1695 φραδμοσύνῃσιν
700 1607 876 1692 Ὀλύμπιον
898 1607 1044 1696 εὐρύοπα
1067 1608 1139 1696 Ζῆν’

303 1732 488 1799 ἀθανάτων.

242 1902 245 1907 -
302 1860 339 1926 In
365 1861 469 1927 Ovidii
497 1867 603 1927 autem
631 1862 780 1946 operibus
809 1885 892 1946 quae
919 1866 1045 1926 exstent
1072 1862 1161 1926 nullo
1188 1862 1259 1926 loeo
1286 1861 1335 1924 in·

214 1987 341 2052 venitur
364 1986 461 2052 Gaiae
484 1988 616 2052 oonsilio
639 1988 835 2052 immortales
859 1986 972 2052 Jovem
994 1986 1028 2051 in
1044 1986 1181 2071 Olympo
1204 2007 1338 2071 regnare

124 2092 130 2101 ⁶
214 2117 246 2174 et
268 2111 395 2178 sibimet
416 2113 494 2197 ipsis
517 2113 672 2197 imperare
694 2112 832 2178 iussisse.
878 2112 991 2177 Altera
1013 2111 1171 2176 sententia
1194 2112 1232 2176 de
1247 2111 1338 2176 Jovis

211 2237 344 2319 imperio
368 2219 528 2321 reperituf
546 2239 580 2302 in
604 2238 738 2303 Homeri
760 2238 860 2303 Iliade
883 2237 952 2303 XV.
972 2243 1048 2302 189:

301 2361 424 2448 τριχθὰ
447 2363 482 2427 δὲ
505 2364 614 2428 πάντα
638 2363 797 2443 όέόαστοιι,
820 2360 952 2438 ἕκαστος
975 2359 1005 2425 δ’
1025 2359 1144 2448 ἔμμορε
1169 2361 1275 2448 τιμῆς·

303 2479 322 2568 ἦ
345 2509 395 2550 τοι
418 2485 498 2569 ἐγών
520 2486 635 2567 ἔλαχον
657 2487 773 2575 πολιὴν
795 2485 860 2551 uta
883 2491 1010 2569 ναιέμεν
1033 2485 1094 2550 αἰεὶ

303 2610 522 2692 παλλομένων,
544 2608 644 2697 Ἀιδης
666 2609 694 2675 δ’
718 2610 811 2692 ἔλαχε
834 2611 937 2698 ζόφον
958 2609 1116 2698 ἠερόεντα,

264 2829 266 2832 Ι
302 2735 380 2813 Ζεὺς
403 2734 432 2800 δ’
455 2733 544 2816 ἔλαχ’
568 2734 699 2823 οόρονὸν
721 2735 815 2824 εὗρόν
837 2736 870 2801 ἒν
893 2736 1002 2824 αἰθέρι
1024 2738 1078 2801 καὶ
1100 2738 1273 2823 νεφέλῃσιν·

300 2872 378 2945 γαῖα
400 2859 429 2925 δ’
452 2861 500 2925 ἔτι
523 2861 601 2946 ξυνὴ
624 2862 758 2926 πόντων
779 2864 834 2926 καὶ
856 2862 978 2949 μακρὸς
995 2860 1171 2944 Ὄλυμπος.

301 2984 339 3050 In
363 2986 472 3050 eodem
495 2986 651 3051 sententio
666 2986 762 3052 etium
777 2987 867 3053 Naso
891 2992 946 3052 est.
990 2987 1099 3052 Tellus
1123 2987 1161 3050 de
1185 2985 1336 3070 Neptuno

213 3108 287 3173 Met.
302 3108 345 3174 II.
363 3116 440 3175 285:
465 3131 521 3175 our
542 3111 591 3175 illi
615 3112 733 3176 tradite
756 3117 842 3176 sorte
866 3134 1004 3195 aequora
1028 3113 1233 3178 decrescunt?
1256 3111 1335 3195 Jup-

211 3232 294 3316 piter
309 3234 347 3298 de
362 3232 500 3298 Plutone
522 3235 596 3299 Met.
608 3234 646 3301 V.
660 3242 737 3300 529:
760 3257 818 3299 nee
833 3236 916 3300 cedit
931 3235 993 3299 nisi
1008 3240 1092 3301 sorte
1108 3234 1195 3301 mihi.
1226 3234 1334 3299 Venus

210 3356 248 3420 de
272 3357 381 3423 eodem
406 3359 480 3424 Met.
496 3358 535 3426 V.
552 3365 630 3425 368:
659 3360 711 3424 eui
733 3360 866 3444 triplicis
895 3360 990 3424 cessit
1011 3360 1140 3424 fortune
1163 3359 1335 3424 novissime

211 3482 309 3565 regni.
353 3481 502 3567 Juppiter
524 3485 563 3548 de
585 3507 619 3548 se
641 3485 710 3568 ipso

301 3605 334 3672 F.
350 3606 406 3672 IV.
424 3615 500 3674 599:
524 3630 588 3674 non
613 3632 673 3693 ego
698 3609 835 3673 nobilior
853 3609 958 3692 posita
974 3614 1021 3674 est
1036 3610 1115 3673 mihi
1130 3609 1219 3693 regie
1236 3610 1334 3674 eaelo.
1383 3662 1386 3667 .

530 3735 677 3800 Possidet
699 3735 780 3799 alter
804 3758 911 3818 aquas.
935 3736 1015 3798 alter
1037 3736 1130 3798 inane
1154 3733 1265 3799 Chaos

298 3857 419 3935 Quibus
444 3882 482 3923 ex
505 3860 584 3924 loeis
607 3859 807 3944 intellegitur

316 3980 351 4047 1⁰
382 3984 456 4047 deos
480 3984 519 4048 de
541 3984 675 4067 imperio
700 3985 831 4049 sortitos
855 3989 887 4048 et
909 3983 1061 4068 Neptuno
1085 4005 1233 4067 aequore,
1258 3983 1332 4047 Plu-

381 4110 450 4173 toni
473 4114 640 4192 tertarum,
663 4108 738 4174 Jovi
762 4109 919 4193 reliquum
942 4110 1095 4174 traditum
1119 4130 1196 4173 esse.

315 4233 350 4298 2⁰
382 4256 420 4298 ex
452 4234 527 4302 Met.
549 4233 587 4299 V.
611 4241 673 4299 529
707 4234 782 4299 Jovi
816 4239 847 4299 et
879 4234 1065 4318 Neptunum
1098 4239 1130 4298 et
1162 4231 1330 4296 Plutonem

382 4361 497 4426 cedere.
519 4362 540 4426 i.
564 4383 589 4427 e.
613 4362 680 4426 eius
702 4360 834 4444 imperio
858 4360 1018 4424 subiectos
1041 4381 1116 4423 esse.

294 4485 443 4569 Juppiter
457 4510 511 4551 rex
525 4487 666 4552 omnium
680 4486 908 4570 hominumque
917 4486 1072 4569 deumque
1086 4485 1190 4549 faetus
1199 4504 1330 4547 uxorem
