3400 5159
714 440 937 499 ..21-

642 612 798 690 scivisset,
834 616 900 676 tam
936 612 1062 676 incaute
1101 616 1133 675 et
1168 610 1386 693 imprudenter

642 759 706 802 non
731 738 854 823 egisset.

345 863 419 929 Met.
436 863 475 930 ll.
493 869 622 928 124-5
648 884 848 947 nequaquam
871 861 1055 927 Phaetontis
1079 871 1214 927 mortem
1236 862 1386 946 praesciit

647 989 702 1053 sed
724 991 852 1071 pectore
868 987 966 1071 patris
982 986 1121 1052 sollicito
1138 989 1176 1052 de
1191 987 1309 1052 insanis
1324 986 1386 1051 filii

646 1113 815 1196 postulatis
838 1113 974 1198 suspiria
997 1114 1119 1198 repetit.

346 1238 420 1305 Met.
436 1237 490 1304 IV.
508 1220 650 1323 192sqq.
674 1238 804 1303 dubium
825 1242 874 1303 est
895 1262 937 1303 an
953 1238 1071 1305 Solita
1094 1239 1219 1323 egisset,
1242 1238 1269 1302 si
1291 1237 1386 1301 mise·

582 1363 683 1429 rabile
705 1363 808 1428 fatum
830 1363 1027 1428 Leucothoes
1050 1364 1245 1448 praescisset.
1351 1441 1354 1446 q

344 1487 420 1553 Alio
445 1492 552 1553 autem
574 1490 669 1553 modo
692 1487 965 1571 interpretandum
988 1492 1036 1552 est
1059 1490 1098 1552 A.
1115 1486 1210 1553 All.
1228 1493 1305 1551 573:
1328 1485 1385 1570 qui

345 1611 452 1677 Solem
479 1612 590 1677 fallere
612 1613 733 1696 possit?
762 1612 817 1678 Sol
840 1613 902 1676 diei
929 1611 1037 1676 lumen
1061 1611 1168 1676 omnia
1190 1611 1275 1674 videt
1304 1631 1385 1693 quae

344 1736 492 1800 accidunt
515 1735 614 1820 eaque
637 1736 675 1801 'de
697 1747 792 1802 causa
813 1735 884 1801 falli
907 1757 971 1801 non
994 1740 1110 1819 potest.

263 1860 355 1925 Ceres
374 1859 449 1926 Met
464 1859 505 1926 V.
522 1868 584 1926 438
596 1883 664 1946 sqq.
688 1866 720 1926 et
743 1861 777 1927 F.
793 1861 849 1928 IV.
867 1867 1043 1926 455—620
1068 1860 1215 1925 omnibus
1238 1859 1272 1923 in
1291 1858 1385 1923 terris

598 1987 722 2071 quaerit
748 1986 972 2070 Proserpinam
1001 1991 1033 2050 et
1051 1985 1127 2050 Met.
1139 1983 1176 2051 V.
1188 1990 1250 2049 572
1284 1983 1386 2049 nescit

598 2132 655 2176 cur
682 2112 843 2176 Arethusa
873 2111 992 2196 fugerit
1018 2131 1171 2193 versaque
1198 2109 1232 2173 in
1260 2129 1384 2173 sacrum

597 2236 718 2300 fontem
742 2237 791 2302 sit.

261 2359 397 2425 Inachus
419 2360 526 2426 Meti
544 2367 606 2424 585
631 2408 639 2424 .
665 2414 671 2425 .
697 2413 703 2425 .
727 2414 734 2426 .
757 2362 860 2426 nescit
882 2362 987 2426 vitane
1009 2361 1134 2425 fruatur

636 2507 676 2548 an
699 2485 741 2548 sit
764 2485 847 2568 apud
871 2507 987 2550 manes.
1013 2484 1084 2571 [Jo]

262 2606 331 2673 Pan
351 2607 427 2673 Met.
442 2606 467 2673 I.
485 2613 547 2672 700
558 2629 625 2692 sqq.
649 2606 818 2693 Syringam
841 2610 1014 2693 nympham
1043 2610 1187 2693 sequitur
1208 2612 1245 2671 nt
1268 2608 1297 2671 ei
1319 2607 1385 2671 vim

557 2737 657 2815 paret.
703 2732 759 2798 Sin
781 2738 889 2798 autem
911 2734 1054 2799 scivisset
1076 2733 1137 2798 sibi
1153 2754 1229 2816 prae
1244 2731 1385 2815 nympha

558 2879 653 2922 unam
668 2879 801 2921 cannam
818 2857 852 2922 in
868 2858 1014 2922 manibus
1029 2858 1178 2936 futuram,
1200 2877 1264 2921 non
1279 2855 1384 2919 minus

557 2980 727 3065 Syringam
772 2985 956 3064 persecutus
997 2985 1079 3046 esset
1121 3002 1217 3065 quam
1263 2979 1384 3063 Apollo

558 3106 716 3188 Daphnen
753 3110 785 3171 et
820 3106 1054 3171 consectatione
1087 3105 1169 3170 nihil
1200 3106 1384 3189 proficiente

447 3289 451 3296 .
558 3229 737 3295 destitisset.

261 3354 371 3438 Pelagi
384 3355 463 3419 uleus
479 3354 554 3421 Met.
569 3354 609 3421 H.
627 3361 690 3422 574
701 3376 769 3440 sqq.
794 3354 969 3420 Coroneum
997 3359 1123 3420 secutus
1150 3376 1214 3421 non
1237 3361 1326 3431 esset,
1357 3355 1385 3420 si

702 3480 858 3565 virginem
868 3479 900 3543 in
911 3501 1040 3545 corvum
1049 3479 1168 3545 severti
1177 3480 1383 3563 praesciisset.

262 3600 369 3666 Pallas
387 3601 461 3666 Met.
471 3601 510 3667 V.
522 3610 661 3687 294sqq.
681 3627 744 3669 non
762 3605 969 3689 quaesivisset
984 3628 1003 3671 a
1018 3606 1116 3671 musis
1132 3606 1295 3671 historiam
1311 3603 1384 3670 Vll.

590 3729 742 3810 picarum,
765 3730 792 3794 si
814 3731 957 3814 praescia
980 3735 1062 3795 esset
1085 3731 1217 3796 venturi.

261 3850 370 3916 Venus
394 3852 468 3917 Met.
484 3852 523 3917 X.
541 3859 604 3919 640
615 3875 684 3937 sqq.
707 3875 772 3919 non
800 3855 971 3921 adiuvisset
994 3855 1190 3939 Hipponem,
1218 3856 1246 3919 si
1273 3855 1383 3920 scisset

619 4002 691 4044 eum
714 4003 749 4046 se
772 3981 936 4048 fulsurum.

394 4102 469 4169 Met.
485 4103 523 4169 X.
542 4110 604 4170 708
616 4127 685 4190 sqq.
700 4104 844 4170 Adonem
861 4128 926 4171 non
941 4105 1131 4190 reliquisset,
1146 4107 1173 4170 si
1188 4105 1254 4169 eius
1270 4104 1383 4169 mortis

614 4232 756 4313 praescia
779 4236 869 4297 esset.

393 4350 468 4416 Met.
484 4352 541 4419 IV.
559 4360 734 4420 171-189
762 4355 850 4420 Mars
888 4377 960 4420 oum
1000 4355 1125 4420 Venere
1163 4353 1281 4418 lectum
1319 4375 1382 4418 non

763 4481 920 4563 petiisset,
956 4479 984 4544 si
1021 4479 1201 4545 Vulcanum
1239 4501 1292 4545 eos
1329 4480 1383 4544 de·
