3400 5159
724 1016 731 1030 ’
781 1017 835 1128 A.
873 1016 968 1132 Ilii.

240 1294 259 1365 ς
278 1296 294 1348 1
403 1285 421 1369 §
446 1288 474 1351 1.
520 1283 590 1347 Diis
613 1283 844 1349 immortalibus
864 1288 1003 1367 potestas
1020 1289 1067 1349 est
1083 1285 1157 1350 data
1172 1286 1247 1353 Met.
1264 1286 1351 1353 VIII.
1370 1296 1432 1353 730

313 1410 346 1474 in
370 1409 508 1474 diversas
531 1408 714 1472 transeundi
736 1408 863 1491 figuras.
900 1407 1070 1493 Neptunus
1093 1409 1168 1475 Met.
1184 1409 1239 1475 VI.
1257 1416 1432 1478 115-120
1557 1415 1561 1426 '

315 1534 383 1599 abit
405 1533 439 1597 in
463 1555 579 1617 equum
602 1533 688 1598 etin
711 1533 887 1611 volucrem,
910 1533 944 1597 in
966 1537 1092 1598 torvum
1115 1534 1282 1600 iuvencum
1304 1540 1341 1600 ut
1363 1536 1432 1600 An·

314 1659 443 1744 tiopam‚
475 1658 507 1722 in
535 1658 664 1722 arietem
693 1661 729 1721 ut
751 1657 907 1732 Bisaltida
933 1658 1040 1735 fallat3
1072 1660 1131 1724 suh
1159 1661 1297 1745 imagine
1319 1661 1434 1746 Enipei

315 1806 386 1847 cum
412 1781 589 1865 Iphimedia
612 1781 741 1846 Aloidas
768 1782 875 1866 gignit
898 1787 930 1846 et
951 1782 1032 1847 facie
1056 1784 1213 1869 delphinis
1236 1785 1433 1850 Melanthoni

314 1908 378 1972 vim
405 1911 506 1990 parat.
552 1906 699 1971 Phoebus
728 1907 846 1990 Apollo
871 1906 945 1974 Met.
962 1907 1019 1973 VI.
1038 1915 1223 1975 122—124·
1240 1911 1373 1975 vertitur
1400 1911 1433 1975 in

315 2036 489 2117 agrestem,
521 2031 702 2115 accipitrem
729 2031 854 2096 leonem
883 2037 915 2096 et
941 2037 977 2096 nt
1003 2037 1113 2115 pastor
1140 2034 1319 2099 Macareida
1345 2035 1433 2100 Issen

315 2156 404 2221 ludit.
429 2155 544 2220 «hiber
567 2154 642 2220 Met.
658 2153 717 2219 VI.
735 2161 797 2219 125
822 2155 983 2239 Erigonen
1010 2157 1092 2220 falsa
1119 2180 1182 2220 uva
1209 2158 1333 2240 decipit.
1377 2157 1433 2222 Sa-

314 2284 426 2344 turnus
449 2277 524 2343 Met.
540 2277 594 2344 VI.
612 2284 675 2343 126
700 2279 773 2362 equi
799 2279 938 2363 imagine
961 2279 1123 2362 geminum
1146 2278 1313 2343 Chironem
1337 2286 1431 2345 creat.

315 2403 488 2469 Mercurius
508 2403 584 2467 Met.
598 2402 623 2467 I.
640 2409 792 2468 676-77
817 2408 854 2466 ut
876 2405 984 2486 pastor
1007 2425 1063 2487 per
1086 2404 1177 2469 devia
1198 2427 1272 2469 rura
1295 2405 1432 2489 capellas

316 2529 383 2615 agit
421 2529 567 2612 venitque
606 2528 645 2592 ad
673 2528 810 2614 Argum3
843 2529 918 2595 Met.
934 2529 974 2595 Il.
992 2537 1055 2595 693
1089 2553 1162 2595 cum
1193 2552 1270 2595 voce
1297 2531 1433 2615 figuram

315 2656 422 2733 vertit,
458 2664 494 2721 ut
525 2656 657 2720 Battum
689 2677 796 2719 senem
828 2659 929 2739 tempt
948 2662 970 2721 t.
1026 2656 1145 2740 Apollo
1178 2679 1250 2721 cum
1282 2656 1433 2739 Neptuno
1488 2688 1491 2697 ·

316 2782 391 2846 Met.
407 2780 461 2845 XI.
478 2786 608 2844 noa-3
633 2779 800 2842 mortalem
820 2778 962 2840 induitur
978 2779 1122 2853 formam,
1145 2784 1181 2840 ut
1196 2777 1311 2841 Troiae
1326 2801 1433 2853 muros

317 2906 468 2970 aedificet.
518 2890 657 2966 Proteus'
684 2902 760 2965 Met.
787 2900 871 2978 VIII.
898 2906 1060 2980 730-7,.
1076 2906 1112 2965 nt
1148 2901 1308 2966 Achelous
1341 2901 1434 2986 Caly-

317 3027 427 3093 donius
451 3026 551 3090 amnis
575 3026 632 3103 ait,
659 3025 793 3090 transire
815 3029 941 3116 poterat
963 3025 997 3089 in
1019 3026 1179 3106 iuvenem,
1201 3027 1235 3090 in
1258 3027 1433 3091 violentum

317 3175 442 3237 aprum,
473 3152 507 3215 in
529 3152 666 3230 leonem,
698 3151 729 3214 iu
754 3172 903 3236 anguem,
936 3151 968 3214 in
991 3157 1130 3233 taurum,
1163 3153 1196 3216 in
1219 3153 1370 3234 lapidem,
1402 3154 1435 3216 iu

317 3278 474 3354 arborem,
497 3278 531 3341 in
554 3276 685 3356 flumen,
707 3277 740 3342 in
763 3277 883 3361 ignem3
914 3276 997 3339 idem
1020 3275 1141 3341 A.A.I.
1160 3283 1220 3341 761
1247 3277 1309 3355 lec,
1333 3276 1435 3347 arbor,

316 3403 419 3468 hirtus
456 3425 531 3486 aper
567 3402 605 3465 fit
636 3408 668 3466 et
699 3401 734 3465 F.
757 3401 779 3466 l.
802 3408 865 3465 373
903 3422 961 3463 sua
993 3406 1060 3487 arte
1091 3400 1205 3464 faciem
1237 3400 1436 3466 transformis

317 3526 481 3593 adulterat.
510 3525 656 3609 Alpheus
680 3525 755 3592 Met.
772 3523 811 3589 V.
829 3530 892 3589 637
918 3523 1020 3606 speeie
1044 3517 1103 3588 uiri
1127 3525 1320 3590 Arethusam
1342 3531 1435 3612 urget

317 3657 349 3716 et
370 3652 475 3734 posito
499 3651 558 3714 viri
582 3672 636 3715 ore
658 3651 691 3713 in
714 3649 857 3733 proprias
881 3648 981 3713 undas
1004 3649 1145 3729 vertitur,
1168 3655 1204 3715 ut
1222 3673 1256 3716 se
1278 3652 1435 3735 nymphae

260 3753 265 3762 ⁴
317 3777 455 3860 misceat.
496 3774 656 3839 Achelous
680 3775 755 3838 Met.
770 3773 824 3839 IX.
843 3781 886 3838 63
908 3775 1040 3859 longum
1064 3774 1097 3838 in
1121 3798 1257 3860 anguem
1279 3775 1436 3840 formatur

318 3906 349 3965 et
372 3899 490 3964 ibidem
515 3905 556 3964 30
580 3899 616 3962 fit
646 3902 769 3975 taurus,
796 3900 832 3962 ut
856 3919 889 3962 se
913 3921 951 3962 ex
974 3897 1123 3962 Herculis
1145 3898 1290 3960 manibus
1314 3895 1436 3978 eripiat.

318 4024 427 4089 'Ihetis
454 4022 529 4086 Met.
545 4021 599 4084 XI.
619 4026 793 4085 243-245
826 4022 860 4084 in
891 4022 1005 4086 faciem
1038 4021 1187 4095 volucris,
1220 4018 1342 4082 arboris
1369 4040 1435 4082 ma·

319 4148 506 4231 culosaeque
529 4144 654 4230 tigridis
678 4146 818 4224 vertitur,
851 4151 888 4211 ut
910 4168 929 4209 a
952 4146 1047 4209 Peleo
1072 4144 1191 4206 evadat.
1230 4141 1436 4227 Aesculapius

318 4273 393 4339 Met.
409 4271 478 4337 XV.
496 4278 558 4336 669
570 4293 638 4356 sqq.
671 4294 798 4356 serpens
835 4272 872 4335 fit
908 4276 939 4333 et
970 4270 1002 4332 in
1031 4267 1104 4331 navi
1135 4267 1271 4331 Romam
1303 4269 1437 4345 vehitur,

319 4398 375 4461 ubi
400 4404 462 4462 743
487 4398 621 4481 speciem
646 4398 812 4462 caelestem
834 4394 1013 4476 resumpsit.
1045 4393 1155 4457 Musae
1171 4386 1435 4461 Mettum-a

318 4521 453 4607 Pyrenei
475 4522 604 4587 insidias
627 4521 760 4604 sumptis
784 4520 842 4583 alis
867 4519 1031 4604 effugiunt.
