3400 5159
594 418 882 475 v—-29—

210 614 269 676 pro
299 591 400 656 nihilo
429 596 484 657 est.
530 589 634 667 Quam
662 588 802 674 graviter
828 588 974 672 queritur
995 588 1081 653 Juno
1110 610 1182 653 cum
1206 586 1332 653 Oceano

213 722 245 781 et
259 716 353 782 Theti
370 716 408 780 de
424 714 575 780 Callistus
591 714 673 779 fato!
696 714 772 779 Met.
788 712 830 779 ΙΙ.
849 718 927 793 512;
950 717 1019 777 tum
1034 713 1091 777 illa
1107 713 1333 796 desperationis

209 843 304 925 plena
319 848 405 914 ,5202

319 966 347 1031 Ο
373 985 432 1049 ego
457 968 611 1048 quantum
635 964 699 1049 egil
722 986 817 1049 quam
841 968 931 1028 vasta
954 963 1097 1046 potentia
1119 967 1228 1027 nostra
1251 964 1328 1060 esti!

318 1088 406 1153 Esse
420 1088 580 1153 hominem
603 1089 698 1168 vetui,
720 1088 805 1153 facta
829 1094 878 1153 est
902 1089 972 1153 dea!
996 1087 1048 1152 hic
1072 1108 1131 1172 ego
1155 1073 1273 1169 poenas

318 1214 461 1279 sontibus
484 1215 624 1297 impono,
647 1215 692 1278 sic
716 1220 764 1279 est
785 1236 857 1278 mea
880 1234 997 1297 magna
1018 1215 1172 1296 potestas!

299 1339 453 1423 Juppiter
476 1340 644 1404 concilium
672 1338 856 1404 caelestium
885 1340 1019 1403 advocat
1047 1337 1122 1403 Met.
1143 1335 1167 1401 Ι.
1190 1343 1331 1420 167sqq.

211 1464 266 1529 sed
288 1464 444 1528 neminem
473 1465 597 1547 quaerit
624 1465 700 1548 quid
729 1464 852 1528 sentiat.
899 1462 989 1527 Unus
1018 1483 1124 1526 secum
1149 1460 1274 1525 volutat
1302 1466 1333 1523 et

210 1589 296 1653 solus
319 1610 439 1673 poenas
462 1588 634 1653 sceleribus
656 1587 822 1652 hominum
846 1586 1020 1650 constituit.

318 1712 455 1795 Jamque
478 1716 546 1776 erat
568 1712 602 1775 in
624 1715 709 1775 totas
733 1732 900 1793 sparsurus
924 1709 1181 1773 nominaremus

318 1837 372 1901 sed
395 1836 511 1914 timuit,
534 1858 574 1900 ne
597 1836 680 1900 forte
703 1858 791 1901 sacer
814 1840 864 1899 tot
887 1835 927 1899 ab
951 1834 1080 1918 ignibus
1103 1834 1212 1898 aether

320 1961 499 2045 conciperet
518 1960 670 2043 flammae,
693 1961 872 2045 longusque
896 1960 1073 2024 ardesceret
1096 1959 1173 2024 axis.
1196 2007 1198 2010 -

300 2086 422 2150 Deinde
444 2087 542 2151 telem
565 2107 700 2169 poenam
729 2086 824 2150 etiam
847 2075 1082 2150 immortalibus
1105 2106 1219 2149 nocere
1240 2105 1333 2168 posse

211 2210 421 2276 reminiscens.

317 2335 396 2400 Tela
418 2340 615 2419 reponuntur
637 2336 783 2400 manibus
807 2336 964 2400 fabricata
986 2335 1167 2419 Cyclopum.

211 2505 214 2508 ι
317 2459 426 2521 'Poena
448 2459 554 2541 placet
578 2461 708 2536 diversa,
731 2480 832 2542 genus
856 2459 989 2522 mortale
1012 2459 1071 2522 sub
1094 2458 1187 2522 undis

318 2583 447 2664 perdere
471 2588 502 2645 et
526 2604 563 2645 ex
587 2582 673 2645 omni
696 2582 820 2645 nimbos
844 2582 1008 2646 demittere
1031 2583 1126 2646 caelo.

302 2706 362 2770 Dei
384 2707 464 2771 illud
488 2707 702 2772 assentiuntur
725 2711 757 2772 et
780 2729 843 2791 quo
869 2706 1000 2771 consilio
1017 2712 1109 2789 capto
1125 2708 1212 2772 venti
1226 2707 1334 2772 stetim

212 2831 332 2896 auxilio
356 2835 534 2896 accurrunt.
582 2829 655 2913 Ipsa
678 2831 746 2910 iris,
769 2830 905 2895 Junonis
928 2831 1053 2909 nuntia,
1075 2832 1214 2914 concipit
1236 2854 1334 2915 aquas

213 2956 414 3040 nubibusque
437 2956 590 3020 alimento
614 2955 715 3020 effert.
761 2955 931 3037 Neptunus
961 2956 1056 3019 maris
1085 2956 1159 3019 deos
1183 2962 1334 3021 convocat

213 3101 339 3162 unaque
362 3101 434 3143 curn
456 3080 496 3143 iis
522 3080 731 3162 omnipotenti
759 3101 893 3164 propere
918 3081 1072 3146 subvenit.
1118 3080 1240 3145 Deinde
1263 3104 1334 3146 cum

211 3202 359 3285 Juppiter
383 3204 457 3267 Met.
473 3203 497 3268 Ι.
515 3210 577 3267 327
590 3226 658 3287 sqq.
681 3208 793 3268 ventos
817 3210 849 3268 et
871 3205 972 3269 nubes
988 3205 1170 3288 dispelleret
1186 3209 1218 3267 et
1233 3227 1333 3289 aquae

209 3329 400 3408 recederent,
423 3327 592 3413 Neptunus
615 3330 682 3394 sine
704 3330 780 3393 ullis
795 3329 886 3394 Jovis
910 3329 1015 3394 verbis
1038 3352 1155 3394 numen
1175 3330 1334 3415 intellegit

212 3457 244 3517 et
265 3455 369 3535 posito
397 3455 568 3537 tricuspide
596 3455 661 3521 telo
690 3477 789 3538 aquas
816 3456 925 3540 pelagi
952 3460 1057 3520 rector
1084 3455 1202 3519 mulcet
1230 3459 1262 3520 et
1285 3478 1332 3520 re·

212 3581 320 3659 ceptus
344 3577 435 3642 canit.

319 3702 467 3767 Flumina
491 3703 666 3783 subsidunt,
689 3706 849 3789 collesque
874 3706 959 3769 exire
983 3706 1141 3769 videntur:

318 3826 393 3891 Jam
416 3850 503 3893 mare
527 3830 603 3893 litus
626 3830 733 3909 habet,
756 3831 867 3913 plenos
892 3831 977 3914 capit
1001 3831 1110 3894 alveus
1133 3850 1257 3895 amnes:

318 3951 427 4037 Surgit
451 3953 574 4032 humus,
597 3959 742 4019 crescunt
764 3956 835 4018 loca
858 3955 1111 4020 decrescentibus
1134 3953 1234 4017 undis.

299 4077 412 4141 Nihilo
423 4079 526 4162 magis
537 4079 581 4143 dii
597 4080 673 4163 quid
689 4081 828 4144 sentiant
838 4086 1034 4163 quaeruntur
1043 4081 1118 4145 Met.
1128 4078 1182 4147 IX.
1194 4087 1324 4165 243sqq

213 4220 283 4263 cum
305 4199 454 4284 luppiter
476 4203 647 4270 Herculem
674 4204 708 4267 in
736 4205 865 4268 deorum
894 4228 1059 4269 numerum
1088 4205 1185 4269 refert
1206 4203 1332 4269 Junone

212 4324 409 4407 imprudente
432 4332 464 4391 et
486 4328 623 4392 nolente.

299 4449 447 4535 Juppiter
463 4453 559 4517 etiam
575 4454 705 4518 deorum
720 4455 815 4518 iudex
831 4459 891 4533 est;
908 4456 947 4518 ad
962 4477 1031 4518 eum
1043 4455 1193 4520 caelestes
1202 4456 1332 4521 veniunt
