3400 5159
818 438 1103 496 -26-·

369 613 499 694 penates
536 610 650 675 evertit
685 609 760 675 Met.
786 609 809 676 1.
838 615 899 675 231
941 614 973 676 et
1006 610 1176 696 gigantum
1213 612 1276 677 vim
1314 615 1490 701 perfrangit

371 732 605 801 Mei151-o.
650 732 866 820 [uncum.

279 863 352 934 {lt
459 860 478 944 ᾗ
503 865 553 924 16.
593 858 797 924 Conferamus
817 881 903 924 nunc
918 859 1015 940 locos,
1037 882 1077 925 ex
1092 861 1208 945 quibus
1221 861 1336 928 lovem
1351 863 1487 946 pn'mum

370 988 466 1067 etque
488 1005 647 1049 summum
670 984 812 1050 omnium
835 985 966 1048 deorum
989 999 1057 1051 esse
1080 986 1225 1072 intellegi
1249 991 1363 1070 potest.

454 1107 536 1185 Quis
560 1109 643 1174 enim
665 1109 775 1176 mundi
796 1112 981 1193 procreetur
1003 1110 1045 1174 sit
1067 1110 1101 1173 in
1124 1112 1245 1210 incerto
1269 1113 1467 1197 relinquitur.

476 1232 551 1298 Met
571 1233 593 1298 Ι.
610 1241 652 1300 20
676 1234 825 1319 legimus:

676 1358 759 1424 hunc
790 1360 867 1424 deus
895 1363 927 1424 et
954 1359 1066 1424 melior
1097 1359 1187 1425 litem
1215 1365 1329 1426 nutura
1356 1363 1491 1440 diremit,

671 1484 754 1550 idem

612 1616 653 1675 32
678 1662 684 1675 .
710 1663 717 1675 .
740 1661 747 1676 .
771 1661 778 1676 .
804 1610 947 1694 quisquis
969 1608 1032 1676 fuit
1053 1610 1109 1676 ille
1130 1611 1271 1676 deorum.

612 1742 668 1801 48:
691 1736 735 1800 sio
762 1757 842 1799 onus
865 1736 1023 1801 inclusum
1046 1757 1176 1801 numero
1210 1735 1354 1802 distinxit
1382 1737 1491 1802 eodem

685 1879 761 1926 oure
784 1860 842 1926 dei.

543 2055 546 2062 ,
611 1992 666 2049 57:
689 1984 740 2049 his
770 2006 901 2068 quoque
932 2008 998 2049 non
1021 1985 1138 2068 passim
1177 1987 1287 2052 mundi
1320 1986 1493 2052 fabricator
1597 1976 1599 1978 ¹

686 2108 866 2173 habendum
890 2127 963 2173 aere
986 2110 1137 2191 permisit.

461 2230 536 2298 Non
566 2231 671 2296 minue
702 2231 864 2316 integrum
895 2234 990 2314 poete
1022 2230 1173 2314 relinquit
1202 2231 1329 2315 generis
1361 2231 1492 2296 humani

372 2362 486 2426 ortum.

479 2486 555 2553 Met.
571 2485 595 2551 Ι.
614 2492 747 2571 78sqq.:
771 2537 778 2551 .
802 2536 808 2548 .
833 2536 839 2549 .
865 2533 872 2548 .
895 2483 961 2550 sive
983 2482 1069 2550 hunc
1092 2483 1199 2549 divino
1224 2483 1342 2549 semine
1364 2482 1440 2549 iecit

608 2618 610 2621 ⁴
662 2612 717 2678 ille
740 2610 848 2694 opifex
870 2632 984 2691 rerum,
1007 2610 1119 2675 mundi
1141 2608 1281 2674 melioris
1304 2608 1405 2693 origo,

662 2737 728 2803 sive
750 2758 860 2802 recens
881 2735 978 2799 tellus
1001 2736 1194 2815 seductaque
1216 2754 1316 2814 nuper
1339 2733 1380 2796 ab
1403 2733 1469 2797 ulto

665 2861 801 2923 Aethere
825 2857 955 2938 cognati
976 2856 1133 2944 retinebat
1155 2854 1275 2920 semine
1296 2853 1385 2918 caeli.

462 2985 587 3062 Aetate,
610 3003 691 3066 quae
714 3002 809 3046 aurea
830 2979 1020 3054 nominetur,
1044 2976 1211 3046 Saturnius
1233 2978 1376 3062 imperet.

480 3108 556 3175 Met.
572 3107 596 3173 l.
613 3111 766 3172 89-114
791 3107 820 3172 ei
841 3103 991 3190 Juppiter
1013 3105 1168 3185 succedit,
1191 3104 1248 3189 qui
1269 3104 1326 3170 IV.
1349 3108 1492 3187 tempore

791 3232 868 3299 enni
889 3232 991 3316 fingit.

617 3364 680 3425 116
691 3381 773 3444 sqq:
796 3354 1077 3441 luppitercutiqui
1088 3354 1246 3420 contraxit
1260 3352 1495 3437 temporaneus

691 3505 810 3569 perque
837 3483 957 3546 hiemes
983 3483 1154 3563 aestusque
1181 3484 1213 3546 et
1235 3479 1418 3564 inaequales
1440 3502 1496 3544 eu-

1369 3610 1497 3671 tumnos

690 3739 723 3802 et
746 3736 840 3801 breve
863 3754 919 3798 ver
940 3732 1052 3818 spatiis
1076 3733 1182 3818 exegit
1198 3735 1348 3817 quattuor
1370 3748 1495 3794 anuum.

337 3871 357 3926 t
464 3863 590 3947 §ltu
636 3862 684 3929 Ut
711 3861 781 3926 eliis
809 3860 870 3925 diis
897 3859 943 3924 sic
969 3859 1066 3925 etiem
1094 3858 1170 3923 lori
1196 3856 1296 3921 nubes
1324 3855 1356 3915 et
1383 3853 1497 3914 natura

377 3988 577 4058 oboedientia
599 3990 681 4053 sunt.

483 4114 558 4180 Met.
574 4111 599 4179 I.
617 4119 690 4177 599.
714 4111 849 4196 caligine
871 4116 972 4176 terres
995 4105 1144 4182 occuluit
1166 4106 1203 4167 ut
1217 4100 1349 4166 Inonem
1372 4105 1498 4185 cuperet

486 4239 561 4304 Met.
576 4236 661 4303 XlV.
679 4242 835 4322 815sqq.:
857 4235 971 4300 annuit
993 4230 1194 4312 omnipotens
1217 4230 1249 4291 et
1272 4225 1409 4294 nubibus
1423 4249 1499 4293 aere

1396 4373 1498 4419 coecis

753 4485 893 4554 occuluit
901 4480 1121 4563 tonitruqueet
1129 4477 1498 4563 fulgureterruitorbem.
