3400 5159
718 1246 930 1361 luder.

762 1600 797 1656 A.
819 1598 888 1656 Del.

1304 1671 1389 1721 resin·

262 1745 279 1811 5
318 1743 341 1797 l.
378 1741 457 1796 Dei
448 1760 480 1795 m
498 1740 622 1796 diversas
641 1743 789 1795 transeunt
807 1741 913 1810 figuras
951 1782 1314 1797 .........
1368 1742 1387 1795 4

262 1832 279 1899 5
316 1831 342 1888 2.
379 1830 430 1885 Dei
448 1830 575 1885 homines
594 1828 811 1897 animaliaque
803 1847 833 1883 m
852 1829 978 1884 diversas
997 1829 1101 1883 formae
1121 1832 1269 1885 mutant.
1370 1831 1386 1884 5

262 1921 280 1987 5
316 1920 341 1974 3.
379 1920 411 1972 In
430 1919 578 1974 dubiot
535 1921 578 1974 est
579 1919 668 1987 ,quis
687 1917 889 1973 immortalium
909 1918 1151 1973 transformaverit
1168 1917 1313 1974 homines.
1370 1918 1400 1986 8v

379 2007 433 2077 a)
425 2026 455 2061 m
474 2007 608 2062 animalia
639 2047 1314 2064 ................
1369 2008 1386 2061 8

379 2096 436 2166 b)
427 2115 459 2151 ιιι
476 2097 597 2164 arbores,
616 2113 691 2162 saxa,
711 2096 802 2151 fontes
821 2095 948 2165 aliaeque
966 2112 1010 2150 ree
1031 2095 1090 2150 vita
1108 2098 1234 2150 carentes
1263 2140 1269 2151 .
1308 2139 1314 2151 .
1369 2095 1386 2149 8

261 2187 279 2254 5
315 2186 341 2239 4.
378 2185 535 2240 Vertuntur
552 2188 655 2255 partes,
674 2185 765 2239 forma
782 2187 911 2239 servatur
950 2224 1314 2242 .........
1369 2184 1386 2239 9

262 2275 279 2341 5
315 2276 341 2329 5.
378 2274 419 2328 De
446 2274 752 2341 transformationibus‚
784 2291 855 2342 quas
885 2274 1017 2328 Medusae
1049 2277 1146 2343 eaput,
1175 2273 1313 2328 Cerberus

379 2363 520 2431 Terraque
538 2362 648 2417 efficere
667 2365 785 2431 possunt
816 2402 1314 2419 ............
1352 2362 1384 2415 11

262 2450 279 2517 5
316 2450 341 2504 6.
378 2448 430 2503 Dei
452 2450 600 2503 carissimis
624 2449 680 2503 suis
704 2450 870 2504 facultatem
892 2449 1024 2504 tribuunt
1047 2449 1078 2504 in
1096 2448 1220 2504 diversae
1239 2452 1315 2504 tran·

380 2537 479 2592 seundi
496 2538 610 2607 figuras.
647 2538 688 2592 De
706 2537 836 2593 veneficis
862 2579 1314 2594 ...........
1353 2539 1386 2593 13

262 2627 280 2694 5
317 2627 342 2680 7.
379 2625 443 2681 Deis
462 2628 565 2680 natura
582 2627 732 2681 oboediens
751 2629 793 2681 est
817 2667 1314 2683 ............
1352 2627 1387 2680 14
1463 2615 1473 2633 ”

262 2716 280 2783 5
316 2715 341 2770 8.
378 2714 430 2769 Dei
449 2714 622 2770 divinatione
640 2715 763 2784 praediti
782 2718 848 2769 sunt
862 2757 1313 2773 ...........
1353 2716 1386 2771 16

262 2806 278 2871 5
314 2804 339 2859 9.
377 2804 428 2858 Dei
447 2804 533 2859 etiam
552 2804 712 2859 hominibus
731 2805 804 2858 hane
822 2803 1025 2859 divinationem
1045 2803 1176 2859 tribuunt
1218 2848 1224 2860 .
1263 2848 1268 2859 .
1306 2848 1313 2860 .
1352 2805 1385 2858 17

261 2894 340 2961 510.
377 2893 429 2948 Dei
447 2894 579 2949 mortales
598 2893 628 2947 in
646 2894 847 2948 immortalium
867 2910 1014 2948 numerum
1032 2894 1179 2950 referunt.
1217 2937 1223 2949 .
1261 2937 1267 2949 .
1306 2937 1312 2949 .
1352 2893 1385 2947 18

262 2982 341 3048 511.
377 2982 498 3035 Deorum
515 2983 644 3051 potentia
663 2982 825 3037 circumcisa
844 2986 887 3037 est
906 3024 1312 3041 ..........
1352 2982 1385 3037 19

720 3160 756 3215 Β.
774 3158 931 3229 luppiter.

261 3263 340 3332 512.
377 3264 477 3319 faeiem
495 3264 648 3332 hominum,
668 3264 832 3319 animalium
852 3281 1001 3333 rerumque
1019 3264 1177 3321 induitur.
1215 3309 1222 3322 .
1260 3306 1267 3318 .
1304 3306 1311 3319 .
1349 3266 1384 3320 23

261 3355 278 3420 5
298 3353 339 3409 13.
376 3354 502 3409 homines
520 3353 713 3421 inanimalia,
732 3353 855 3423 plantas,
874 3370 943 3408 saxa
956 3356 985 3408 et
997 3353 1132 3408 animalia
1143 3353 1175 3407 in
1186 3352 1313 3408 homines

378 3442 560 3497 transformat
591 3483 1312 3500 .................
1349 3443 1385 3497 23

262 3528 340 3596 514.
367 3519 508 3583 'mortales
526 3529 556 3583 in
574 3530 775 3585 immortalium
794 3548 941 3586 numerum
961 3532 1046 3587 refert
1083 3573 1311 3588 ......
1349 3532 1385 3586 24

261 3617 340 3685 515.
377 3615 515 3687 Epitheta
532 3617 612 3672 Jovis
636 3661 1311 3677 ................
1349 3622 1383 3676 25

261 3706 339 3775 516.
376 3705 508 3776 Juppiter
526 3706 632 3775 primus
651 3711 694 3762 est
712 3712 798 3776 atque
817 3726 940 3762 summus
958 3708 1083 3762 omnium
1102 3708 1217 3764 deorum
1260 3750 1266 3763 .
1304 3750 1311 3763 .
1348 3709 1384 3764 26

261 3796 340 3864 517.
377 3794 498 3850 Deorum
516 3796 645 3864 potentia
663 3814 726 3851 oum
745 3797 825 3851 Jovis
843 3800 1006 3866 comparata
1024 3797 1097 3851 nihil
1115 3799 1222 3853 valet.
1260 3839 1266 3851 .
1304 3838 1311 3854 .
1348 3797 1383 3851 28

260 3884 339 3952 518.
375 3883 508 3953 Juppiter
525 3887 607 3953 pater
625 3886 793 3954 genitorque
812 3888 855 3940 est
874 3885 992 3940 aliorum
1011 3884 1125 3940 deorum
1172 3929 1178 3941 .
1215 3928 1222 3941 .
1260 3926 1267 3941 .
1305 3929 1311 3941 .
1348 3885 1383 3940 30
1444 3947 1445 3950 Ἴ

736 4066 769 4127 C·
787 4066 906 4123 Fatum.

261 4167 340 4236 519.
376 4184 434 4222 sors
458 4211 1309 4228 ....................
1347 4171 1382 4225 32

261 4257 340 4325 520.
377 4256 433 4310 fors
457 4300 1310 4316 ....................
1348 4260 1381 4315 35

261 4346 340 4415 521.
377 4363 455 4401 eesus
501 4388 1310 4405 ...................
1347 4349 1381 4403 36

261 4436 347 4505 §aa
377 4435 491 4490 fortuna
501 4477 1309 4496 ...................
1346 4438 1380 4492 37
