3400 5159
367 560 402 625 Τ.
413 559 450 623 V.
461 559 511 625 El.
522 558 577 624 Ill.
590 567 607 622 5
630 559 705 622 dum
721 578 771 620 me
786 577 858 620 mea
873 554 942 620 fata
957 554 1111 632 sinebant,
1133 574 1191 636 pro
1207 552 1340 616 fortuna

367 684 403 750 Τ.
421 682 458 748 V.
475 684 526 749 El.
541 681 631 747 VIII.
650 688 704 746 10:
736 679 887 764 imposIto
920 679 1023 744 calcas
1061 676 1137 762 qnid
1168 699 1239 741 mea
1270 677 1340 741 fata

732 805 832 888 pede?
856 825 914 887 pro
937 803 1031 867 rebus
1055 802 1202 867 adversis.

365 932 441 997 Met.
456 930 544 996 XIII.
561 936 639 995 373:
663 981 669 994 .
694 981 701 995 .
725 979 732 993 .
756 980 763 994 .
787 928 948 993 obstantia
971 928 1039 992 lata
1053 926 1181 1009 removi,
1205 947 1262 1010 pro
1277 925 1337 989 im·

660 1052 857 1138 pedimentis,
880 1050 1131 1117 difficultatibus.

365 1180 399 1245 F.
416 1178 471 1246 ΠΙ.
490 1187 568 1245 546:
592 1183 712 1244 arserat
740 1177 890 1243 extructis
919 1178 953 1242 in
979 1197 1037 1241 sua
1059 1176 1127 1241 tata
1149 1176 1248 1260 rogis,
1276 1196 1337 1259 pro

512 1346 514 1350 .
600 1325 731 1388 corpore
755 1303 898 1389 [morte]

363 1430 397 1495 F.
415 1430 454 1495 V.
472 1437 550 1495 389:
573 1434 657 1494 stare
680 1429 775 1492 simul
799 1450 874 1492 casu
889 1427 1002 1491 Troiae
1026 1428 1087 1491 duo
1111 1425 1181 1490 fate
1204 1426 1335 1490 videres.

573 1552 779 1617 Abstractnm
802 1572 862 1632 pro
886 1555 1042 1628 concreto,
1065 1549 1132 1612 fata
1154 1570 1212 1631 pro
1225 1549 1334 1625 >heroi-

571 1677 631 1739 bus
648 1674 785 1740 Hercule
802 1678 834 1739 et
853 1673 985 1753 Achille,
1001 1673 1058 1758 qni
1073 1673 1199 1757 quando
1216 1672 1335 1737 Troiae

573 1799 640 1864 fata
662 1802 819 1882 pararent.

211 1924 379 1989 Praeterea
402 1924 605 1989 adnotatione
629 1923 717 2009 digni
740 1927 816 1987 sunt
838 1922 901 1987 loei
924 1926 960 1985 ut
983 1921 1058 1986 Met.
1074 1919 1143 1986 VII.
1162 1928 1239 1985 353:

427 2100 433 2114 .
458 2102 465 2114 .
489 2101 496 2115 .
520 2102 526 2114 .
551 2053 667 2113 eventu
689 2048 804 2114 veteris
828 2048 899 2112 loca
923 2051 1000 2112 nota
1023 2046 1168 2112 Cerambi

211 2193 274 2257 quo
297 2195 356 2256 pro
379 2171 448 2238 fato
472 2178 602 2239 eventus
625 2172 856 2258 legiturlvide
879 2171 974 2236 etiam
998 2169 1099 2258 casus]
1123 2175 1156 2235 et

209 2295 284 2361 Met.
300 2296 387 2362 XIV.
406 2304 482 2363 729:
506 2349 513 2363 .
537 2349 543 2362 .
568 2350 574 2362 .
599 2348 606 2363 .
629 2297 777 2362 mortalia
799 2295 887 2361 faeta
908 2296 1029 2361 videtis.

208 2441 265 2502 pro
288 2420 372 2482 fatis.
418 2420 569 2483 Heinsius
598 2420 798 2483 Elzeviriana
820 2441 855 2483 re
879 2442 954 2483 vera
985 2422 1072 2482 tenet
1103 2417 1179 2483 fate.
1225 2416 1332 2483 Etiam

209 2543 285 2607 Met.
301 2541 388 2607 XIV.
407 2549 468 2607 697
493 2565 565 2607 mea
588 2543 715 2627 quidem
738 2542 895 2607 sententia
923 2542 1009 2607 facta
1035 2563 1093 2625 pro
1116 2542 1191 2607 fatis
1214 2543 1334 2626 legItur

210 2671 242 2732 et
265 2667 377 2732 melius
401 2672 483 2731 esset
506 2672 538 2733 et
560 2668 621 2732 hoc
645 2672 677 2732 et
698 2666 755 2730 illo
780 2668 849 2732 loco
873 2667 940 2730 fata
963 2687 1021 2748 pro
1044 2666 1137 2730 factis
1160 2666 1302 2731 scribere.

316 2792 392 2859 Met.
408 2791 478 2858 XV.
497 2800 551 2857 63:
576 2844 582 2857 .
607 2844 614 2857 .
638 2844 645 2858 .
669 2842 676 2857 .
700 2797 733 2857 et
756 2813 837 2876 quae
860 2796 974 2856 natura
996 2790 1135 2875 negabat

573 2916 693 2981 viribus
725 2916 886 2996 humanis,
923 2937 987 2999 quo
1021 2919 1134 2980 natura
1165 2938 1223 2999 pro
1255 2915 1331 2981 latis

573 3041 740 3105 invenitur.

299 3166 392 3247 §25.
437 3164 488 3229 Ex
525 3165 591 3230 fato
630 3164 771 3229 derivata
803 3187 875 3229 cum
912 3186 1013 3248 eoque
1049 3165 1221 3248 composita
1258 3168 1331 3229 sunt
1348 3179 1366 3250 g
1385 3180 1422 3235 25

208 3286 374 3352 adieetiva:

257 3412 289 3494 a)
312 3411 428 3475 fatalis.

314 3533 461 3597 Metfll.
479 3542 543 3600 316
577 3537 685 3621 [fatali
717 3538 798 3621 lege,
831 3538 914 3616 idem
948 3537 1024 3602 Met.
1045 3538 1082 3602 X.
1106 3538 1185 3623 203]
1209 3536 1247 3601 V.
1266 3543 1329 3602 182

316 3656 484 3744 [iaculum]
501 3656 587 3724 Vlll.
599 3666 661 3724 479
682 3661 836 3747 [lignum]
853 3662 907 3727 IX.
920 3667 981 3726 411
1002 3661 1143 3748 [aurum]
1161 3660 1246 3726 XIII.
1264 3669 1325 3727 381

313 3780 452 3870 [signum
475 3782 495 3849 f.
519 3781 694 3870 Minervae]
724 3785 793 3849 XV.
812 3791 875 3848 602
906 3785 943 3870 [f.
967 3792 1069 3850 morte
1092 3785 1233 3871 tynanni]
1259 3784 1329 3850 XV.

314 3915 376 3972 554
411 3905 569 3993 [glebam]
604 3905 673 3973 XV.
701 3915 741 3972 54
780 3907 813 3995 [f.
845 3908 984 3973 fluminis
1017 3909 1085 3995 ora]
1121 3909 1155 3975 F.
1181 3908 1236 3974 IV.
1263 3916 1325 3974 257

313 4030 429 4120 [verba]
459 4017 493 4099 F.
511 4031 563 4096 Vl.
581 4039 643 4097 445
675 4030 830 4120 [pignora]
860 4033 900 4097 H.
917 4033 970 4098 IV.
989 4040 1029 4098 63
1060 4032 1132 4121 [hoc
1156 4055 1282 4118 quoque
1305 4035 1328 4100 f.

312 4155 379 4242 est]
403 4155 531 4223 IX.156
559 4156 653 4246 [igne]
678 4157 713 4222 Τ.
722 4156 761 4221 V.
777 4158 827 4224 El.
837 4156 913 4222 l.59
940 4156 983 4245 [in
1006 4158 1028 4223 f.
1044 4158 1173 4246 malum]
1196 4159 1246 4224 El.
1256 4159 1328 4224 XII.

313 4285 351 4341 51
379 4276 539 4370 [studium]
564 4283 599 4347 P.
615 4282 639 4347 l.
654 4283 713 4367 Ep.
731 4281 816 4347 VIII.
835 4288 875 4346 64
901 4280 933 4370 [f.
950 4283 1026 4347 deae
1050 4312 1090 4338 =
1115 4282 1255 4370 Parcael.

310 4403 507 4467 Adverbium
530 4405 671 4471 fataliter
695 4408 792 4472 semel
815 4406 984 4490 reperitur:
1008 4375 1083 4473 Met.
1098 4406 1176 4471 XII.
1194 4413 1243 4471 67.
