<?xml version="1.0" encoding="UTF-8"?>
<!DOCTYPE html PUBLIC "-//W3C//DTD XHTML 1.0 Transitional//EN"
    "http://www.w3.org/TR/xhtml1/DTD/xhtml1-transitional.dtd">
<html xmlns="http://www.w3.org/1999/xhtml" xml:lang="en" lang="en">
 <head>
  <title>
</title>
<meta http-equiv="Content-Type" content="text/html;charset=utf-8" />
  <meta name='ocr-system' content='tesseract 3.04.00' />
  <meta name='ocr-capabilities' content='ocr_page ocr_carea ocr_par ocr_line ocrx_word'/>
</head>
<body>
  <div class='ocr_page' id='page_1' title='image "./dediisfatojoveq00fabrgoog_0024.png"; bbox 0 0 3400 5159; ppageno 0'>
   <div class='ocr_carea' id='block_1_1' title="bbox 792 412 1015 470">
    <p class='ocr_par' dir='ltr' id='par_1_1' title="bbox 792 412 1015 470">
     <span class='ocr_line' id='line_1_1' title="bbox 792 412 1015 470; baseline 0 -17"><span class='ocrx_word' id='word_1_1' title='bbox 792 412 1015 470; x_wconf 76' lang='lat'>...20-</span> 
     </span>
    </p>
   </div>
   <div class='ocr_carea' id='block_1_2' title="bbox 248 556 1543 3410">
    <p class='ocr_par' dir='ltr' id='par_1_2' title="bbox 341 556 1543 1416">
     <span class='ocr_line' id='line_1_2' title="bbox 342 556 1465 669; baseline 0.004 -22"><span class='ocrx_word' id='word_1_2' title='bbox 342 583 462 666; x_wconf 87' lang='lat' dir='ltr'>Apollo</span> <span class='ocrx_word' id='word_1_3' title='bbox 485 583 642 667; x_wconf 83' lang='lat' dir='ltr'>flagrabat</span> <span class='ocrx_word' id='word_1_4' title='bbox 665 556 761 668; x_wconf 81' lang='lat' dir='ltr'>atque</span> <span class='ocrx_word' id='word_1_5' title='bbox 783 583 925 662; x_wconf 79' lang='lat' dir='ltr'>ardebat</span> <span class='ocrx_word' id='word_1_6' title='bbox 941 583 1073 648; x_wconf 91' lang='lat' dir='ltr'>Peleum</span> <span class='ocrx_word' id='word_1_7' title='bbox 1095 589 1219 669; x_wconf 89' lang='lat' dir='ltr'>patrem</span> <span class='ocrx_word' id='word_1_8' title='bbox 1243 590 1322 665; x_wconf 79' lang='lat' dir='ltr'>orat,</span> <span class='ocrx_word' id='word_1_9' title='bbox 1345 590 1382 651; x_wconf 87' lang='lat' dir='ltr'>ut</span> <span class='ocrx_word' id='word_1_10' title='bbox 1396 609 1465 652; x_wconf 93' lang='lat' dir='ltr'>mu·</span> 
     </span>
     <span class='ocr_line' id='line_1_3' title="bbox 343 708 1465 797; baseline 0.004 -24"><span class='ocrx_word' id='word_1_11' title='bbox 343 708 441 773; x_wconf 88' lang='lat' dir='ltr'>tando</span> <span class='ocrx_word' id='word_1_12' title='bbox 464 709 576 791; x_wconf 87' lang='lat' dir='ltr'>perdat</span> <span class='ocrx_word' id='word_1_13' title='bbox 599 709 742 792; x_wconf 82' lang='lat' dir='ltr'>figuram.</span> <span class='ocrx_word' id='word_1_14' title='bbox 774 708 835 773; x_wconf 88' lang='lat' dir='ltr'>Hic</span> <span class='ocrx_word' id='word_1_15' title='bbox 852 708 918 773; x_wconf 89' lang='lat' dir='ltr'>eius</span> <span class='ocrx_word' id='word_1_16' title='bbox 933 709 1079 791; x_wconf 84' lang='lat' dir='ltr'>precibus</span> <span class='ocrx_word' id='word_1_17' title='bbox 1096 709 1283 793; x_wconf 80' lang='lat' dir='ltr'><strong>obsequitur</strong></span> <span class='ocrx_word' id='word_1_18' title='bbox 1298 715 1330 775; x_wconf 90' lang='lat' dir='ltr'>et</span> <span class='ocrx_word' id='word_1_19' title='bbox 1344 712 1465 797; x_wconf 87' lang='lat' dir='ltr'>Apollo</span> 
     </span>
     <span class='ocr_line' id='line_1_4' title="bbox 342 833 1464 920; baseline 0.005 -24"><span class='ocrx_word' id='word_1_20' title='bbox 342 854 451 898; x_wconf 85' lang='lat' dir='ltr'>amans</span> <span class='ocrx_word' id='word_1_21' title='bbox 467 834 556 897; x_wconf 85' lang='lat' dir='ltr'>iuxta</span> <span class='ocrx_word' id='word_1_22' title='bbox 571 836 636 897; x_wconf 87' lang='lat' dir='ltr'>stat</span> <span class='ocrx_word' id='word_1_23' title='bbox 650 833 808 915; x_wconf 81' lang='lat' dir='ltr'><strong>impotens</strong></span> <span class='ocrx_word' id='word_1_24' title='bbox 823 836 1045 917; x_wconf 75' lang='lat' dir='ltr'>spectatorque</span> <span class='ocrx_word' id='word_1_25' title='bbox 1061 838 1110 898; x_wconf 88' lang='lat' dir='ltr'>est</span> <span class='ocrx_word' id='word_1_26' title='bbox 1125 857 1187 919; x_wconf 88' lang='lat' dir='ltr'>qna</span> <span class='ocrx_word' id='word_1_27' title='bbox 1196 837 1319 901; x_wconf 89' lang='lat' dir='ltr'>ratione</span> <span class='ocrx_word' id='word_1_28' title='bbox 1329 837 1464 920; x_wconf 83' lang='lat' dir='ltr'>Daphne</span> 
     </span>
     <span class='ocr_line' id='line_1_5' title="bbox 341 957 1543 1045; baseline 0.004 -23"><span class='ocrx_word' id='word_1_29' title='bbox 341 958 520 1023; x_wconf 78' lang='lat' dir='ltr'>carrissime</span> <span class='ocrx_word' id='word_1_30' title='bbox 547 958 581 1021; x_wconf 92' lang='lat' dir='ltr'>in</span> <span class='ocrx_word' id='word_1_31' title='bbox 607 957 748 1021; x_wconf 86' lang='lat' dir='ltr'>lauream</span> <span class='ocrx_word' id='word_1_32' title='bbox 775 958 898 1022; x_wconf 77' lang='lat' dir='ltr'><strong>transit.</strong></span> <span class='ocrx_word' id='word_1_33' title='bbox 944 957 1031 1022; x_wconf 88' lang='lat' dir='ltr'>Idem</span> <span class='ocrx_word' id='word_1_34' title='bbox 1055 958 1131 1024; x_wconf 89' lang='lat' dir='ltr'>Met.</span> <span class='ocrx_word' id='word_1_35' title='bbox 1146 958 1201 1025; x_wconf 87' lang='lat' dir='ltr'>XI.</span> <span class='ocrx_word' id='word_1_36' title='bbox 1219 966 1281 1025; x_wconf 81' lang='lat'>321</span> <span class='ocrx_word' id='word_1_37' title='bbox 1312 961 1464 1045; x_wconf 90' lang='lat' dir='ltr'>impedire</span> <span class='ocrx_word' id='word_1_38' title='bbox 1540 974 1543 979; x_wconf 83' lang='grc'><em>“</em></span> 
     </span>
     <span class='ocr_line' id='line_1_6' title="bbox 342 1057 1485 1168; baseline 0.004 -22"><span class='ocrx_word' id='word_1_39' title='bbox 342 1102 406 1146; x_wconf 93' lang='lat' dir='ltr'>non</span> <span class='ocrx_word' id='word_1_40' title='bbox 440 1085 559 1165; x_wconf 83' lang='lat' dir='ltr'>potest,</span> <span class='ocrx_word' id='word_1_41' title='bbox 598 1082 767 1168; x_wconf 87' lang='lat' dir='ltr'><strong>quominus</strong></span> <span class='ocrx_word' id='word_1_42' title='bbox 799 1080 933 1161; x_wconf 80' lang='lat' dir='ltr'>Chione,</span> <span class='ocrx_word' id='word_1_43' title='bbox 970 1105 1050 1165; x_wconf 85' lang='lat' dir='ltr'>quae</span> <span class='ocrx_word' id='word_1_44' title='bbox 1083 1105 1116 1147; x_wconf 90' lang='lat' dir='ltr'>se</span> <span class='ocrx_word' id='word_1_45' title='bbox 1153 1057 1313 1167; x_wconf 73' lang='lat' dir='ltr'>praeferre</span> <span class='ocrx_word' id='word_1_46' title='bbox 1344 1087 1485 1152; x_wconf 79' lang='lat' dir='ltr'>Dianae.</span> 
     </span>
     <span class='ocr_line' id='line_1_7' title="bbox 341 1203 1465 1297; baseline 0.005 -25"><span class='ocrx_word' id='word_1_47' title='bbox 341 1207 526 1286; x_wconf 77' lang='lat' dir='ltr'>sustinebat,</span> <span class='ocrx_word' id='word_1_48' title='bbox 549 1230 569 1271; x_wconf 85' lang='lat' dir='ltr'>a</span> <span class='ocrx_word' id='word_1_49' title='bbox 584 1208 642 1271; x_wconf 84' lang='lat' dir='ltr'>dea</span> <span class='ocrx_word' id='word_1_50' title='bbox 657 1208 879 1285; x_wconf 83' lang='lat' dir='ltr'>interficiatur;</span> <span class='ocrx_word' id='word_1_51' title='bbox 903 1212 935 1271; x_wconf 90' lang='lat' dir='ltr'>et</span> <span class='ocrx_word' id='word_1_52' title='bbox 949 1208 1033 1273; x_wconf 93' lang='lat' dir='ltr'>idem</span> <span class='ocrx_word' id='word_1_53' title='bbox 1047 1209 1162 1293; x_wconf 83' lang='lat' dir='ltr'>Apollo</span> <span class='ocrx_word' id='word_1_54' title='bbox 1178 1203 1465 1297; x_wconf 77' lang='lat' dir='ltr'>Met.&#39;11.615sqq.‚</span> 
     </span>
     <span class='ocr_line' id='line_1_8' title="bbox 341 1332 1464 1416; baseline 0.004 -21"><span class='ocrx_word' id='word_1_55' title='bbox 341 1354 525 1416; x_wconf 84' lang='lat' dir='ltr'><strong>quanquam</strong></span> <span class='ocrx_word' id='word_1_56' title='bbox 548 1333 623 1396; x_wconf 89' lang='lat' dir='ltr'>deus</span> <span class='ocrx_word' id='word_1_57' title='bbox 646 1333 724 1396; x_wconf 89' lang='lat' dir='ltr'>artis</span> <span class='ocrx_word' id='word_1_58' title='bbox 747 1332 921 1397; x_wconf 81' lang='lat' dir='ltr'>medicinae</span> <span class='ocrx_word' id='word_1_59' title='bbox 949 1338 1010 1413; x_wconf 85' lang='lat' dir='ltr'>est,</span> <span class='ocrx_word' id='word_1_60' title='bbox 1037 1339 1144 1398; x_wconf 86' lang='lat' dir='ltr'>tamen</span> <span class='ocrx_word' id='word_1_61' title='bbox 1168 1335 1325 1400; x_wconf 79' lang='lat' dir='ltr'>Cononem</span> <span class='ocrx_word' id='word_1_62' title='bbox 1352 1338 1392 1400; x_wconf 86' lang='lat' dir='ltr'>ab</span> <span class='ocrx_word' id='word_1_63' title='bbox 1416 1337 1464 1400; x_wconf 91' lang='lat' dir='ltr'>in·</span> 
     </span>
    </p>

    <p class='ocr_par' dir='ltr' id='par_1_3' title="bbox 261 1456 844 1541">
     <span class='ocr_line' id='line_1_9' title="bbox 261 1456 844 1541; baseline 0 -20"><span class='ocrx_word' id='word_1_64' title='bbox 261 1508 264 1512; x_wconf 79' lang='lat'><strong>.</strong></span> <span class='ocrx_word' id='word_1_65' title='bbox 340 1456 438 1522; x_wconf 88' lang='lat' dir='ltr'>teritu</span> <span class='ocrx_word' id='word_1_66' title='bbox 460 1457 619 1521; x_wconf 78' lang='lat' dir='ltr'>retrahere</span> <span class='ocrx_word' id='word_1_67' title='bbox 642 1478 706 1521; x_wconf 91' lang='lat' dir='ltr'>non</span> <span class='ocrx_word' id='word_1_68' title='bbox 728 1461 844 1541; x_wconf 87' lang='lat' dir='ltr'>potest</span> 
     </span>
    </p>

    <p class='ocr_par' dir='ltr' id='par_1_4' title="bbox 342 1581 1465 2042">
     <span class='ocr_line' id='line_1_10' title="bbox 430 1581 1465 1672; baseline 0.006 -26"><span class='ocrx_word' id='word_1_69' title='bbox 430 1581 469 1647; x_wconf 94' lang='lat' dir='ltr'>In</span> <span class='ocrx_word' id='word_1_70' title='bbox 492 1584 510 1666; x_wconf 60' lang='grc' dir='ltr'>ᾖ</span> <span class='ocrx_word' id='word_1_71' title='bbox 528 1588 556 1649; x_wconf 91' lang='lat'>8.</span> <span class='ocrx_word' id='word_1_72' title='bbox 581 1584 656 1647; x_wconf 90' lang='lat' dir='ltr'>deos</span> <span class='ocrx_word' id='word_1_73' title='bbox 679 1582 778 1646; x_wconf 83' lang='lat' dir='ltr'>futuri</span> <span class='ocrx_word' id='word_1_74' title='bbox 793 1584 953 1665; x_wconf 87' lang='lat' dir='ltr'>praescios</span> <span class='ocrx_word' id='word_1_75' title='bbox 970 1605 1036 1649; x_wconf 91' lang='lat' dir='ltr'>esse</span> <span class='ocrx_word' id='word_1_76' title='bbox 1052 1586 1204 1669; x_wconf 88' lang='lat' dir='ltr'>scriptum</span> <span class='ocrx_word' id='word_1_77' title='bbox 1219 1586 1363 1672; x_wconf 87' lang='lat' dir='ltr'>legimus.</span> <span class='ocrx_word' id='word_1_78' title='bbox 1394 1588 1465 1652; x_wconf 93' lang='lat' dir='ltr'>Hoc</span> 
     </span>
     <span class='ocr_line' id='line_1_11' title="bbox 342 1707 1463 1797; baseline 0.006 -27"><span class='ocrx_word' id='word_1_79' title='bbox 342 1707 569 1771; x_wconf 85' lang='lat' dir='ltr'>moderandum</span> <span class='ocrx_word' id='word_1_80' title='bbox 592 1711 653 1785; x_wconf 83' lang='lat' dir='ltr'>est,</span> <span class='ocrx_word' id='word_1_81' title='bbox 679 1707 764 1790; x_wconf 89' lang='lat' dir='ltr'>quod</span> <span class='ocrx_word' id='word_1_82' title='bbox 787 1729 850 1771; x_wconf 90' lang='lat' dir='ltr'>non</span> <span class='ocrx_word' id='word_1_83' title='bbox 873 1709 978 1772; x_wconf 92' lang='lat' dir='ltr'>solnm</span> <span class='ocrx_word' id='word_1_84' title='bbox 1002 1711 1128 1794; x_wconf 88' lang='lat' dir='ltr'>saepius</span> <span class='ocrx_word' id='word_1_85' title='bbox 1151 1733 1216 1776; x_wconf 90' lang='lat' dir='ltr'>non</span> <span class='ocrx_word' id='word_1_86' title='bbox 1240 1712 1386 1797; x_wconf 80' lang='lat' dir='ltr'>congruit</span> <span class='ocrx_word' id='word_1_87' title='bbox 1410 1714 1463 1777; x_wconf 90' lang='lat' dir='ltr'>sed</span> 
     </span>
     <span class='ocr_line' id='line_1_12' title="bbox 342 1831 1465 1920; baseline 0.005 -25"><span class='ocrx_word' id='word_1_88' title='bbox 342 1837 453 1897; x_wconf 86' lang='lat' dir='ltr'>contra</span> <span class='ocrx_word' id='word_1_89' title='bbox 476 1831 607 1896; x_wconf 91' lang='lat' dir='ltr'>deorum</span> <span class='ocrx_word' id='word_1_90' title='bbox 629 1852 718 1895; x_wconf 92' lang='lat' dir='ltr'>mens</span> <span class='ocrx_word' id='word_1_91' title='bbox 741 1832 900 1896; x_wconf 82' lang='lat' dir='ltr'>rarissime</span> <span class='ocrx_word' id='word_1_92' title='bbox 923 1856 1029 1898; x_wconf 90' lang='lat' dir='ltr'>rerum</span> <span class='ocrx_word' id='word_1_93' title='bbox 1052 1835 1233 1900; x_wconf 88' lang='lat' dir='ltr'>futurarum</span> <span class='ocrx_word' id='word_1_94' title='bbox 1261 1838 1394 1920; x_wconf 86' lang='lat' dir='ltr'>provida</span> <span class='ocrx_word' id='word_1_95' title='bbox 1417 1842 1465 1901; x_wconf 87' lang='lat' dir='ltr'>est</span> 
     </span>
     <span class='ocr_line' id='line_1_13' title="bbox 342 1956 1214 2042; baseline 0.007 -22"><span class='ocrx_word' id='word_1_96' title='bbox 342 1960 374 2020; x_wconf 91' lang='lat' dir='ltr'>et</span> <span class='ocrx_word' id='word_1_97' title='bbox 397 1956 456 2036; x_wconf 91' lang='lat' dir='ltr'>dei,</span> <span class='ocrx_word' id='word_1_98' title='bbox 479 1979 559 2040; x_wconf 86' lang='lat' dir='ltr'>quae</span> <span class='ocrx_word' id='word_1_99' title='bbox 583 1961 733 2021; x_wconf 84' lang='lat' dir='ltr'>eventura</span> <span class='ocrx_word' id='word_1_100' title='bbox 756 1957 829 2034; x_wconf 82' lang='lat' dir='ltr'>sint,</span> <span class='ocrx_word' id='word_1_101' title='bbox 853 1958 1038 2042; x_wconf 91' lang='lat' dir='ltr'>plerumque</span> <span class='ocrx_word' id='word_1_102' title='bbox 1062 1962 1214 2027; x_wconf 88' lang='lat' dir='ltr'>nesciunt.</span> 
     </span>
    </p>

    <p class='ocr_par' dir='ltr' id='par_1_5' title="bbox 342 2066 1464 2171">
     <span class='ocr_line' id='line_1_14' title="bbox 342 2066 1464 2171; baseline 0.004 -26"><span class='ocrx_word' id='word_1_103' title='bbox 342 2081 436 2160; x_wconf 84' lang='lat' dir='ltr'>June,</span> <span class='ocrx_word' id='word_1_104' title='bbox 459 2102 622 2165; x_wconf 87' lang='lat' dir='ltr'>superum.</span> <span class='ocrx_word' id='word_1_105' title='bbox 636 2082 747 2166; x_wconf 80' lang='lat' dir='ltr'>regina</span> <span class='ocrx_word' id='word_1_106' title='bbox 770 2083 871 2147; x_wconf 89' lang='lat' dir='ltr'>futuri</span> <span class='ocrx_word' id='word_1_107' title='bbox 892 2066 1007 2168; x_wconf 77' lang='lat' dir='ltr'>ignara</span> <span class='ocrx_word' id='word_1_108' title='bbox 1030 2091 1085 2151; x_wconf 89' lang='lat' dir='ltr'>est.</span> <span class='ocrx_word' id='word_1_109' title='bbox 1132 2086 1223 2161; x_wconf 82' lang='lat' dir='ltr'>Quod</span> <span class='ocrx_word' id='word_1_110' title='bbox 1247 2088 1464 2171; x_wconf 84' lang='lat' dir='ltr'>cognoscimus</span> 
     </span>
    </p>

    <p class='ocr_par' dir='ltr' id='par_1_6' title="bbox 248 2177 1464 2293">
     <span class='ocr_line' id='line_1_15' title="bbox 248 2177 1464 2293; baseline 0.004 -24"><span class='ocrx_word' id='word_1_111' title='bbox 248 2177 250 2183; x_wconf 28' lang='grc' dir='ltr'>Ι</span> <span class='ocrx_word' id='word_1_112' title='bbox 459 2228 497 2270; x_wconf 88' lang='lat' dir='ltr'>ex</span> <span class='ocrx_word' id='word_1_113' title='bbox 530 2206 605 2271; x_wconf 90' lang='lat' dir='ltr'>Met.</span> <span class='ocrx_word' id='word_1_114' title='bbox 621 2206 675 2272; x_wconf 85' lang='lat' dir='ltr'>IV.</span> <span class='ocrx_word' id='word_1_115' title='bbox 693 2212 883 2285; x_wconf 72' lang='lat' dir='ltr'>ele-542,</span> <span class='ocrx_word' id='word_1_116' title='bbox 915 2230 978 2291; x_wconf 93' lang='lat' dir='ltr'>quo</span> <span class='ocrx_word' id='word_1_117' title='bbox 1012 2208 1097 2273; x_wconf 86' lang='lat' dir='ltr'>Juno</span> <span class='ocrx_word' id='word_1_118' title='bbox 1131 2209 1240 2274; x_wconf 79' lang='lat' dir='ltr'>Cadmi</span> <span class='ocrx_word' id='word_1_119' title='bbox 1270 2210 1464 2293; x_wconf 82' lang='lat' dir='ltr'>progeniem,</span> 
     </span>
    </p>

    <p class='ocr_par' dir='ltr' id='par_1_7' title="bbox 461 2328 1463 2417">
     <span class='ocr_line' id='line_1_16' title="bbox 461 2328 1463 2417; baseline 0.005 -24"><span class='ocrx_word' id='word_1_120' title='bbox 461 2328 592 2394; x_wconf 90' lang='lat' dir='ltr'>Inonem</span> <span class='ocrx_word' id='word_1_121' title='bbox 616 2335 647 2395; x_wconf 90' lang='lat' dir='ltr'>et</span> <span class='ocrx_word' id='word_1_122' title='bbox 670 2330 842 2395; x_wconf 84' lang='lat' dir='ltr'>Athamam</span> <span class='ocrx_word' id='word_1_123' title='bbox 869 2332 1077 2415; x_wconf 83' lang='lat' dir='ltr'>persequitur.</span> <span class='ocrx_word' id='word_1_124' title='bbox 1123 2331 1185 2397; x_wconf 87' lang='lat' dir='ltr'>Sed</span> <span class='ocrx_word' id='word_1_125' title='bbox 1208 2355 1310 2417; x_wconf 92' lang='lat' dir='ltr'>neque</span> <span class='ocrx_word' id='word_1_126' title='bbox 1333 2333 1463 2398; x_wconf 87' lang='lat' dir='ltr'>lnonem</span> 
     </span>
    </p>

    <p class='ocr_par' dir='ltr' id='par_1_8' title="bbox 459 2454 1465 2539">
     <span class='ocr_line' id='line_1_17' title="bbox 459 2454 1465 2539; baseline 0.005 -22"><span class='ocrx_word' id='word_1_127' title='bbox 459 2476 562 2538; x_wconf 88' lang='lat' dir='ltr'>neque</span> <span class='ocrx_word' id='word_1_128' title='bbox 586 2455 651 2519; x_wconf 88' lang='lat' dir='ltr'>eius</span> <span class='ocrx_word' id='word_1_129' title='bbox 675 2454 758 2519; x_wconf 89' lang='lat' dir='ltr'>filios</span> <span class='ocrx_word' id='word_1_130' title='bbox 781 2457 956 2539; x_wconf 88' lang='lat' dir='ltr'>premisset‚</span> <span class='ocrx_word' id='word_1_131' title='bbox 979 2457 1007 2521; x_wconf 91' lang='lat' dir='ltr'>si</span> <span class='ocrx_word' id='word_1_132' title='bbox 1030 2478 1083 2522; x_wconf 92' lang='lat' dir='ltr'>eos</span> <span class='ocrx_word' id='word_1_133' title='bbox 1105 2457 1283 2523; x_wconf 86' lang='lat' dir='ltr'>iudeorum</span> <span class='ocrx_word' id='word_1_134' title='bbox 1298 2481 1465 2524; x_wconf 91' lang='lat' dir='ltr'>numerum</span> 
     </span>
    </p>

    <p class='ocr_par' dir='ltr' id='par_1_9' title="bbox 459 2579 786 2662">
     <span class='ocr_line' id='line_1_18' title="bbox 459 2579 786 2662; baseline 0.012 -20"><span class='ocrx_word' id='word_1_135' title='bbox 459 2579 568 2643; x_wconf 86' lang='lat' dir='ltr'>referri</span> <span class='ocrx_word' id='word_1_136' title='bbox 590 2582 786 2662; x_wconf 88' lang='lat' dir='ltr'>praescisset.</span> 
     </span>
    </p>

    <p class='ocr_par' dir='ltr' id='par_1_10' title="bbox 461 2703 1467 3269">
     <span class='ocr_line' id='line_1_19' title="bbox 461 2703 1467 2790; baseline 0.005 -22"><span class='ocrx_word' id='word_1_137' title='bbox 461 2704 535 2769; x_wconf 90' lang='lat' dir='ltr'>Met.</span> <span class='ocrx_word' id='word_1_138' title='bbox 551 2703 575 2768; x_wconf 92' lang='grc' dir='ltr'>Ι.</span> <span class='ocrx_word' id='word_1_139' title='bbox 594 2711 736 2790; x_wconf 85' lang='lat' dir='ltr'>605sqq.</span> <span class='ocrx_word' id='word_1_140' title='bbox 773 2707 905 2770; x_wconf 87' lang='lat' dir='ltr'>nebulas</span> <span class='ocrx_word' id='word_1_141' title='bbox 942 2710 1000 2771; x_wconf 93' lang='lat' dir='ltr'>sub</span> <span class='ocrx_word' id='word_1_142' title='bbox 1034 2710 1134 2775; x_wconf 87' lang='lat' dir='ltr'>nitido</span> <span class='ocrx_word' id='word_1_143' title='bbox 1167 2710 1217 2773; x_wconf 91' lang='lat' dir='ltr'>die</span> <span class='ocrx_word' id='word_1_144' title='bbox 1245 2710 1467 2773; x_wconf 86' lang='lat' dir='ltr'>animadvertit</span> 
     </span>
     <span class='ocr_line' id='line_1_20' title="bbox 669 2829 1466 2912; baseline 0.004 -20"><span class='ocrx_word' id='word_1_145' title='bbox 669 2835 701 2892; x_wconf 92' lang='lat' dir='ltr'>et</span> <span class='ocrx_word' id='word_1_146' title='bbox 733 2851 804 2892; x_wconf 94' lang='lat' dir='ltr'>cum</span> <span class='ocrx_word' id='word_1_147' title='bbox 837 2829 1104 2912; x_wconf 85' lang='lat' dir='ltr'>circumspiceret,</span> <span class='ocrx_word' id='word_1_148' title='bbox 1137 2832 1191 2894; x_wconf 87' lang='lat' dir='ltr'>uhi</span> <span class='ocrx_word' id='word_1_149' title='bbox 1219 2832 1356 2895; x_wconf 86' lang='lat' dir='ltr'>coniunx</span> <span class='ocrx_word' id='word_1_150' title='bbox 1385 2837 1466 2895; x_wconf 89' lang='lat' dir='ltr'>esset</span> 
     </span>
     <span class='ocr_line' id='line_1_21' title="bbox 669 2936 1465 3036; baseline 0.001 -19"><span class='ocrx_word' id='word_1_151' title='bbox 669 2974 770 3036; x_wconf 91' lang='lat' dir='ltr'>neque</span> <span class='ocrx_word' id='word_1_152' title='bbox 794 2974 866 3016; x_wconf 91' lang='lat' dir='ltr'>eum</span> <span class='ocrx_word' id='word_1_153' title='bbox 889 2953 1023 3034; x_wconf 75' lang='lat' dir='ltr'>videret,</span> <span class='ocrx_word' id='word_1_154' title='bbox 1052 2936 1102 3018; x_wconf 81' lang='lat' dir='ltr'>ah</span> <span class='ocrx_word' id='word_1_155' title='bbox 1116 2955 1242 3018; x_wconf 88' lang='lat' dir='ltr'>aethere</span> <span class='ocrx_word' id='word_1_156' title='bbox 1266 2977 1389 3019; x_wconf 87' lang='lat' dir='ltr'>summo</span> <span class='ocrx_word' id='word_1_157' title='bbox 1414 2956 1465 3018; x_wconf 89' lang='lat' dir='ltr'>de-</span> 
     </span>
     <span class='ocr_line' id='line_1_22' title="bbox 669 3076 1467 3163; baseline 0.003 -23"><span class='ocrx_word' id='word_1_158' title='bbox 669 3076 760 3160; x_wconf 89' lang='lat' dir='ltr'>lapsa</span> <span class='ocrx_word' id='word_1_159' title='bbox 791 3077 935 3141; x_wconf 89' lang='lat' dir='ltr'>constit&#39;t</span> <span class='ocrx_word' id='word_1_160' title='bbox 967 3079 1000 3141; x_wconf 94' lang='lat' dir='ltr'>iu</span> <span class='ocrx_word' id='word_1_161' title='bbox 1033 3078 1126 3143; x_wconf 90' lang='lat' dir='ltr'>terris</span> <span class='ocrx_word' id='word_1_162' title='bbox 1154 3080 1348 3163; x_wconf 84' lang='lat' dir='ltr'>nebulasque</span> <span class='ocrx_word' id='word_1_163' title='bbox 1375 3080 1467 3144; x_wconf 88' lang='lat' dir='ltr'>iussit</span> 
     </span>
     <span class='ocr_line' id='line_1_23' title="bbox 669 3202 1401 3269; baseline 0.003 -2"><span class='ocrx_word' id='word_1_164' title='bbox 669 3204 821 3268; x_wconf 91' lang='lat' dir='ltr'>recedere.</span> <span class='ocrx_word' id='word_1_165' title='bbox 867 3202 963 3268; x_wconf 87' lang='lat' dir='ltr'>Nunc</span> <span class='ocrx_word' id='word_1_166' title='bbox 987 3205 1112 3268; x_wconf 90' lang='lat' dir='ltr'>demum</span> <span class='ocrx_word' id='word_1_167' title='bbox 1136 3205 1286 3269; x_wconf 87' lang='lat' dir='ltr'>maritum</span> <span class='ocrx_word' id='word_1_168' title='bbox 1308 3204 1401 3269; x_wconf 86' lang='lat' dir='ltr'>videt.</span> 
     </span>
    </p>

    <p class='ocr_par' dir='ltr' id='par_1_11' title="bbox 461 3325 1466 3410">
     <span class='ocr_line' id='line_1_24' title="bbox 461 3325 1466 3410; baseline 0 -20"><span class='ocrx_word' id='word_1_169' title='bbox 461 3328 536 3391; x_wconf 87' lang='lat' dir='ltr'>Met.</span> <span class='ocrx_word' id='word_1_170' title='bbox 552 3326 591 3392; x_wconf 86' lang='lat' dir='ltr'>ss.</span> <span class='ocrx_word' id='word_1_171' title='bbox 609 3335 751 3410; x_wconf 78' lang='lat' dir='ltr'>476sqq.</span> <span class='ocrx_word' id='word_1_172' title='bbox 790 3325 995 3391; x_wconf 76' lang='lat' dir='ltr'>Callistonem</span> <span class='ocrx_word' id='word_1_173' title='bbox 1037 3327 1071 3389; x_wconf 91' lang='lat' dir='ltr'>in</span> <span class='ocrx_word' id='word_1_174' title='bbox 1113 3349 1223 3391; x_wconf 83' lang='lat' dir='ltr'>urvam</span> <span class='ocrx_word' id='word_1_175' title='bbox 1261 3328 1466 3391; x_wconf 87' lang='lat' dir='ltr'>transformat</span> 
     </span>
    </p>
   </div>
   <div class='ocr_carea' id='block_1_3' title="bbox 683 3451 1464 3533">
    <p class='ocr_par' dir='ltr' id='par_1_12' title="bbox 683 3451 1464 3533">
     <span class='ocr_line' id='line_1_25' title="bbox 683 3451 1464 3533; baseline 0.005 -21"><span class='ocrx_word' id='word_1_176' title='bbox 683 3451 823 3514; x_wconf 91' lang='lat' dir='ltr'>nesciens</span> <span class='ocrx_word' id='word_1_177' title='bbox 839 3451 999 3513; x_wconf 84' lang='lat' dir='ltr'>inimicam</span> <span class='ocrx_word' id='word_1_178' title='bbox 1016 3451 1186 3533; x_wconf 81' lang='lat' dir='ltr'>aliqnando</span> <span class='ocrx_word' id='word_1_179' title='bbox 1207 3472 1279 3515; x_wconf 92' lang='lat' dir='ltr'>cum</span> <span class='ocrx_word' id='word_1_180' title='bbox 1295 3451 1361 3514; x_wconf 92' lang='lat' dir='ltr'>filio</span> <span class='ocrx_word' id='word_1_181' title='bbox 1378 3452 1464 3516; x_wconf 89' lang='lat' dir='ltr'>caelo</span> 
     </span>
    </p>
   </div>
   <div class='ocr_carea' id='block_1_4' title="bbox 348 3596 1469 4416">
    <p class='ocr_par' dir='ltr' id='par_1_13' title="bbox 348 3596 1469 4416">
     <span class='ocr_line' id='line_1_26' title="bbox 682 3596 813 3657; baseline 0.038 -20"><span class='ocrx_word' id='word_1_182' title='bbox 682 3596 813 3657; x_wconf 75' lang='lat' dir='ltr'>imponi.</span> 
     </span>
     <span class='ocr_line' id='line_1_27' title="bbox 461 3699 1466 3787; baseline 0.004 -24"><span class='ocrx_word' id='word_1_183' title='bbox 461 3699 495 3764; x_wconf 87' lang='lat' dir='ltr'>F.</span> <span class='ocrx_word' id='word_1_184' title='bbox 512 3699 568 3766; x_wconf 91' lang='grc' dir='ltr'><strong>ΙΙΙ.</strong></span> <span class='ocrx_word' id='word_1_185' title='bbox 586 3706 648 3764; x_wconf 82' lang='grc'>769</span> <span class='ocrx_word' id='word_1_186' title='bbox 674 3700 834 3764; x_wconf 91' lang='lat' dir='ltr'>Bacchum</span> <span class='ocrx_word' id='word_1_187' title='bbox 856 3701 980 3784; x_wconf 90' lang='lat' dir='ltr'>quaerit</span> <span class='ocrx_word' id='word_1_188' title='bbox 1004 3708 1036 3766; x_wconf 89' lang='lat' dir='ltr'>et</span> <span class='ocrx_word' id='word_1_189' title='bbox 1050 3700 1207 3786; x_wconf 83' lang='lat' dir='ltr'>Nysiades</span> <span class='ocrx_word' id='word_1_190' title='bbox 1222 3703 1378 3787; x_wconf 85' lang='lat' dir='ltr'>nymphas</span> <span class='ocrx_word' id='word_1_191' title='bbox 1395 3725 1466 3767; x_wconf 88' lang='lat' dir='ltr'>eum</span> 
     </span>
     <span class='ocr_line' id='line_1_28' title="bbox 674 3811 1297 3912; baseline 0.005 -23"><span class='ocrx_word' id='word_1_192' title='bbox 674 3826 792 3890; x_wconf 85' lang='lat' dir='ltr'>hedera</span> <span class='ocrx_word' id='word_1_193' title='bbox 814 3826 998 3891; x_wconf 83' lang='lat' dir='ltr'>instravisse</span> <span class='ocrx_word' id='word_1_194' title='bbox 1021 3829 1155 3912; x_wconf 82' lang='lat' dir='ltr'>ignorat.</span> <span class='ocrx_word' id='word_1_195' title='bbox 1294 3811 1297 3814; x_wconf 30' lang='lat'><em>¹</em></span> 
     </span>
     <span class='ocr_line' id='line_1_29' title="bbox 461 3949 1468 4035; baseline 0.004 -22"><span class='ocrx_word' id='word_1_196' title='bbox 461 3949 542 4014; x_wconf 92' lang='lat' dir='ltr'>Vide</span> <span class='ocrx_word' id='word_1_197' title='bbox 568 3951 663 4014; x_wconf 90' lang='lat' dir='ltr'>etiam</span> <span class='ocrx_word' id='word_1_198' title='bbox 686 3951 762 4014; x_wconf 87' lang='lat' dir='ltr'>Met.</span> <span class='ocrx_word' id='word_1_199' title='bbox 778 3949 817 4016; x_wconf 91' lang='lat' dir='ltr'>Il.</span> <span class='ocrx_word' id='word_1_200' title='bbox 836 3957 978 4035; x_wconf 86' lang='lat' dir='ltr'><strong>508sqq.</strong></span> <span class='ocrx_word' id='word_1_201' title='bbox 1002 3953 1082 4016; x_wconf 87' lang='lat' dir='ltr'>iram</span> <span class='ocrx_word' id='word_1_202' title='bbox 1104 3953 1242 4017; x_wconf 75' lang='lat' dir='ltr'>lunonis</span> <span class='ocrx_word' id='word_1_203' title='bbox 1264 3953 1468 4030; x_wconf 81' lang='lat' dir='ltr'>imbecillam,</span> 
     </span>
     <span class='ocr_line' id='line_1_30' title="bbox 464 4075 1466 4163; baseline 0.006 -25"><span class='ocrx_word' id='word_1_204' title='bbox 464 4097 536 4140; x_wconf 91' lang='lat' dir='ltr'>cum</span> <span class='ocrx_word' id='word_1_205' title='bbox 559 4075 643 4139; x_wconf 92' lang='lat' dir='ltr'>inter</span> <span class='ocrx_word' id='word_1_206' title='bbox 666 4076 770 4139; x_wconf 86' lang='lat' dir='ltr'>sidera</span> <span class='ocrx_word' id='word_1_207' title='bbox 792 4077 926 4160; x_wconf 91' lang='lat' dir='ltr'>pelicem</span> <span class='ocrx_word' id='word_1_208' title='bbox 949 4078 1212 4141; x_wconf 87' lang='lat' dir='ltr'>animadverteret</span> <span class='ocrx_word' id='word_1_209' title='bbox 1228 4082 1259 4142; x_wconf 91' lang='lat' dir='ltr'>et</span> <span class='ocrx_word' id='word_1_210' title='bbox 1274 4078 1371 4142; x_wconf 84' lang='lat' dir='ltr'>verba</span> <span class='ocrx_word' id='word_1_211' title='bbox 1386 4101 1466 4163; x_wconf 85' lang='lat' dir='ltr'>quae</span> 
     </span>
     <span class='ocr_line' id='line_1_31' title="bbox 465 4200 1048 4282; baseline 0.007 -19"><span class='ocrx_word' id='word_1_212' title='bbox 465 4201 547 4282; x_wconf 84' lang='lat' dir='ltr'>apud</span> <span class='ocrx_word' id='word_1_213' title='bbox 572 4200 699 4265; x_wconf 76' lang='lat' dir='ltr'>Thetim</span> <span class='ocrx_word' id='word_1_214' title='bbox 724 4207 756 4266; x_wconf 88' lang='lat' dir='ltr'>et</span> <span class='ocrx_word' id='word_1_215' title='bbox 779 4200 940 4266; x_wconf 83' lang='lat' dir='ltr'>Oceanum</span> <span class='ocrx_word' id='word_1_216' title='bbox 965 4202 1048 4267; x_wconf 90' lang='lat' dir='ltr'>dicit.</span> 
     </span>
     <span class='ocr_line' id='line_1_32' title="bbox 348 4324 1469 4416; baseline 0.006 -27"><span class='ocrx_word' id='word_1_217' title='bbox 348 4324 404 4389; x_wconf 86' lang='lat' dir='ltr'>Sol</span> <span class='ocrx_word' id='word_1_218' title='bbox 427 4324 501 4389; x_wconf 90' lang='lat' dir='ltr'>Met.</span> <span class='ocrx_word' id='word_1_219' title='bbox 517 4324 557 4389; x_wconf 92' lang='grc' dir='ltr'>ΙΙ.</span> <span class='ocrx_word' id='word_1_220' title='bbox 575 4333 705 4391; x_wconf 81' lang='lat'>42-46</span> <span class='ocrx_word' id='word_1_221' title='bbox 726 4327 894 4410; x_wconf 88' lang='lat' dir='ltr'>pollicetur</span> <span class='ocrx_word' id='word_1_222' title='bbox 916 4349 950 4391; x_wconf 92' lang='lat' dir='ltr'>se</span> <span class='ocrx_word' id='word_1_223' title='bbox 966 4326 1135 4393; x_wconf 84' lang='lat' dir='ltr'>Phaetonti</span> <span class='ocrx_word' id='word_1_224' title='bbox 1159 4328 1263 4393; x_wconf 90' lang='lat' dir='ltr'>omnia</span> <span class='ocrx_word' id='word_1_225' title='bbox 1284 4352 1365 4413; x_wconf 89' lang='lat' dir='ltr'>quae</span> <span class='ocrx_word' id='word_1_226' title='bbox 1381 4338 1469 4416; x_wconf 88' lang='lat' dir='ltr'>optet</span> 
     </span>
    </p>
   </div>
   <div class='ocr_carea' id='block_1_5' title="bbox 727 4451 1467 4539">
    <p class='ocr_par' dir='ltr' id='par_1_14' title="bbox 727 4451 1467 4539">
     <span class='ocr_line' id='line_1_33' title="bbox 727 4451 1467 4539; baseline 0.008 -25"><span class='ocrx_word' id='word_1_227' title='bbox 727 4452 887 4527; x_wconf 88' lang='lat' dir='ltr'>daturum;</span> <span class='ocrx_word' id='word_1_228' title='bbox 911 4451 959 4514; x_wconf 89' lang='lat' dir='ltr'>sin</span> <span class='ocrx_word' id='word_1_229' title='bbox 984 4456 1088 4515; x_wconf 85' lang='lat' dir='ltr'>eutem</span> <span class='ocrx_word' id='word_1_230' title='bbox 1112 4452 1170 4516; x_wconf 92' lang='lat' dir='ltr'>filii</span> <span class='ocrx_word' id='word_1_231' title='bbox 1193 4454 1242 4517; x_wconf 87' lang='lat' dir='ltr'>sui</span> <span class='ocrx_word' id='word_1_232' title='bbox 1261 4454 1362 4519; x_wconf 85' lang='lat' dir='ltr'>fatum</span> <span class='ocrx_word' id='word_1_233' title='bbox 1378 4478 1467 4539; x_wconf 87' lang='lat' dir='ltr'>prae-</span> 
     </span>
    </p>
   </div>
   <div class='ocr_carea' id='block_1_6' title="bbox 0 0 1706 5159">
    <p class='ocr_par' dir='ltr' id='par_1_15' title="bbox 0 0 1706 5159">
     <span class='ocr_line' id='line_1_34' title="bbox 0 0 1706 5159; baseline 0 0"><span class='ocrx_word' id='word_1_234' title='bbox 0 0 1706 5159; x_wconf 95' lang='lat' dir='ltr'> </span> 
     </span>
    </p>
   </div>
  </div>
 </body>
</html>
