3400 5159
788 406 1009 464 ,64-

247 586 320 657 §14
428 580 523 662 514.
569 577 719 643 mortales
742 578 775 641 in
799 579 928 641 deorum
951 600 1116 642 numerum
1140 577 1246 643 refert.

447 703 523 768 Met.
545 702 600 768 IX.
617 710 680 767 262
692 724 760 787 sqq.
792 702 977 781 Herculem,
1014 703 1069 787 qui
1105 702 1137 766 in
1171 702 1251 768 Oeta
1287 706 1394 766 monte
1427 724 1461 767 se

691 827 827 892 flammis
848 827 1021 893 tradiderat
1044 826 1235 913 quadriiugo
1260 849 1354 892 curru
1375 828 1458 892 radi-

690 953 818 1017 antibus
842 952 935 1017 astris
957 951 1076 1017 intulit.

444 1061 887 1145 Μ81.Π.5070816810880
915 1100 934 1143 a
956 1077 1082 1142 Junone
1111 1101 1186 1143 ursa
1213 1081 1369 1144 mutatam
1396 1101 1459 1143 una

606 1217 609 1221 '
684 1225 755 1267 curn
777 1204 845 1267 filio
869 1224 927 1268 suo
943 1203 1029 1268 Arca
1052 1205 1138 1268 caelo
1162 1204 1315 1288 imposuit
1339 1204 1457 1269 vicina·
1591 1258 1593 1264 ,

685 1350 746 1413 608
769 1328 872 1393 sidera
894 1329 977 1394 fecit
1022 1328 1111 1393 Idem
1135 1328 1169 1393 F.
1185 1328 1225 1394 Il.
1245 1335 1316 1394 188.

444 1452 519 1518 Met.
535 1452 559 1517 Ι.
577 1459 751 1518 583-747
776 1453 908 1519 Inonem
929 1454 964 1517 in
987 1454 1061 1517 deas
1084 1454 1206 1539 recipit.

444 1576 519 1642 Met.
534 1575 619 1642 XIV.
637 1582 780 1662 816sqq.
803 1577 988 1655 Romulum,
1015 1582 1052 1643 ut
1074 1577 1171 1643 Marti
1193 1578 1396 1661 promiserat,
1425 1579 1459 1644 in

711 1702 840 1767 deorum
878 1724 1043 1767 numerum
1081 1704 1179 1769 refert
1212 1704 1302 1788 eique
1335 1703 1459 1781 Quirini

710 1849 825 1891 nomen
845 1829 908 1906 dat,
930 1850 994 1892 una
1010 1851 1082 1893 cum
1098 1831 1231 1914 coniuge
1245 1829 1384 1895 Hersilia
1399 1831 1458 1894 sub

710 1953 837 2016 nomine
857 1951 973 2017 Horae.
1004 1952 1087 2017 Vide
1111 1955 1206 2019 etiam
1222 1953 1256 2019 F.
1266 1952 1307 2020 II.
1319 1960 1458 2039 483sqq.

637 2083 699 2141 585
710 2078 867 2160 promissa
884 2078 1038 2161 persolvit
1053 2076 1171 2142 Veneri
1192 2084 1223 2144 ct
1237 2079 1379 2143 Aeneam
1399 2080 1458 2143 sub

710 2203 837 2267 nomine
875 2201 1001 2286 indiges
1048 2203 1153 2267 divino
1196 2204 1317 2267 honore
1363 2204 1459 2268 habet

678 2382 680 2387 .
711 2327 850 2410 dignum.

445 2449 479 2516 F.
495 2450 533 2517 V.
551 2458 613 2516 617
639 2457 766 2517 taurum
789 2452 882 2516 astris
905 2451 1026 2534 recipit,
1048 2453 1132 2517 idem

443 2575 478 2641 F.
494 2575 534 2641 II.
553 2581 614 2641 117
640 2578 797 2660 delphina.

403 2677 405 2680 ’
443 2699 477 2763 r.
494 2699 550 2767 m.
567 2707 630 2767 cos
655 2703 797 2768 mavum.

443 2823 477 2888 F.
494 2824 550 2890 VI.
569 2832 631 2890 762
657 2825 891 2908 Aesculapium.

444 2949 478 3013 F.
494 2948 535 3015 V.
553 2955 616 3013 716
641 2950 804 3015 Castorem
828 2956 861 3015 et
884 2950 1054 3014 Pollucem.

443 3073 477 3138 F.
494 3074 534 3139 V.
552 3079 614 3138 127
639 3076 794 3139 nutricem
817 3080 849 3138 et
871 3074 1003 3140 nutricis
1019 3074 1124 3139 fertile
1141 3096 1238 3139 comu
1253 3075 1356 3140 sidera
1372 3074 1456 3140 fecit.

640 3199 806 3286 [capram].

424 3323 498 3386 Huc
521 3324 616 3388 etiam
638 3325 736 3389 refert
760 3324 793 3389 F.
806 3323 842 3387 V.
855 3330 929 3402 530,
952 3345 1015 3406 quo
1038 3323 1188 3408 Juppiter
1211 3345 1282 3388 cum
1298 3324 1454 3389 Mercurio

335 3447 473 3531 hospitio
496 3448 538 3513 ab
553 3448 672 3531 Hyrieo
689 3453 837 3531 exceptus
854 3448 920 3512 eius
935 3448 1093 3513 voluntati
1108 3447 1264 3514 satisfacit
1279 3472 1318 3514 ex
1334 3470 1455 3533 suaque

336 3575 368 3636 et
390 3571 541 3636 Mercurii
564 3572 654 3635 urina
678 3572 828 3637 Orionem
851 3572 957 3637 enasci
979 3573 1076 3639 iubet.

426 3695 513 3773 Quae
537 3718 665 3782 quoquc
687 3697 823 3764 facultas
844 3699 994 3763 mortales
1009 3699 1164 3764 referendi
1180 3701 1213 3764 in
1228 3699 1456 3765 immortalium

335 3843 500 3886 numerum
528 3823 557 3887 ei
584 3844 656 3887 cum
683 3823 754 3888 aliis
782 3824 847 3889 deis
876 3825 1050 3889 'communis
1078 3828 1133 3891 est.
1179 3825 1285 3889 Etiam
1314 3823 1456 3887 Oceanus

336 3968 406 4013 cum
429 3947 524 4013 Theti
546 3947 622 4014 Met.
637 3948 723 4015 XIII.
741 3956 804 4013 949
815 3972 885 4035 sqq.
908 3954 940 4015 et
961 3950 1130 4036 Neptunus
1145 3949 1221 4013 Met.
1238 3947 1292 4013 IV.
1310 3954 1454 4031 519sqq.

336 4078 367 4138 et
390 4073 493 4138 Diana
516 4072 593 4138 Met.
608 4072 679 4140 XV.
697 4079 759 4138 533
788 4075 1061 4141 immortalitatem
1086 4074 1163 4137 dant
1191 4071 1360 4137 carissimis
1388 4070 1453 4136 suis

336 4219 452 4282 eosque
475 4198 509 4262 in
531 4220 699 4264 numerum
722 4202 862 4278 deorum,
885 4200 940 4284 qui
963 4221 1071 4278 eornm
1092 4196 1209 4262 dicioni
1225 4196 1359 4261 subiecti
1374 4200 1456 4276 sunt,

335 4324 484 4390 referunt.
519 4323 607 4390 Idem
630 4328 821 4406 potestatem
845 4347 916 4390 cum
932 4322 1105 4408 Appolline
1127 4321 1299 4407 participat
1314 4322 1389 4387 Met.
1399 4321 1456 4388 III.

337 4454 479 4533 310866.
504 4449 658 4514 infantem
682 4450 721 4514 ab
738 4449 873 4513 Semeles
896 4449 969 4512 alvo
994 4448 1088 4531 eripIt
1111 4470 1244 4532 eumque
1264 4446 1365 4528 Inoni,
1387 4452 1456 4513 tum
